2242 3443
947 185 1030 225 303

212 310 509 354 indulgentiam
540 319 656 345 suam
687 319 731 345 se
761 310 875 354 plura
900 309 1000 345 scire
1028 310 1074 345 de
1100 310 1288 345 Aeschini
1314 309 1567 355 facinoribus,
1593 311 1735 346 collato
1752 321 1786 345 v.
1805 309 1866 346 56.

216 372 241 406 4
281 381 306 407 a
334 381 412 407 non
441 371 649 416 perspexit
677 371 985 414 signicationem
1015 375 1081 405 τοι)
1112 371 1285 415 ‘omnia',
1315 372 1361 406 de
1391 381 1468 414 qua
1497 372 1584 407 vide
1613 373 1868 416 interpretes.

111 432 187 469 143
270 434 294 470 2
334 435 474 469 contra
513 433 556 468 D.
602 432 620 467 1
664 442 733 476 per
773 432 881 467 ‘aut’.
924 433 975 467 De
1016 432 1302 467 additamentis
1342 442 1412 476 per
1450 435 1537 468 aut
1577 434 1653 468 vel
1692 435 1780 468 sed
1818 436 1865 469 et

216 494 382 539 aliisque
425 494 630 538 particulis
672 493 761 528 vide
804 495 879 528 Mn.
926 493 987 529 32.
1030 493 1105 529 307
1148 503 1232 537 sqq.
1277 496 1316 530 et
1354 493 1416 538 35,
1455 494 1529 530 315
1569 500 1633 537 (z
1649 495 1712 530 lib.
1752 505 1867 530 meus

219 565 256 600 p.
290 556 386 598 143).
471 556 493 592 3
523 555 568 591 cf.
599 554 694 590 Pho.
729 555 812 590 194.
845 555 879 590 5.

110 618 186 654 145
268 619 477 662 scholium,
517 617 557 652 ni
594 616 719 661 fallor,
760 616 927 661 duplex:
968 616 1168 653 rhetorico
1206 616 1318 651 initio
1355 617 1495 660 aliquis
1525 618 1671 653 addidit
1701 617 1867 661 explica-

214 680 366 716 tionem
396 679 515 715 nimis
546 679 731 715 otiosam.

111 741 184 777 147
269 752 293 777 α
321 742 643 776 additamentum
673 749 743 784 per
771 749 894 785 narn,
924 749 965 775 re
995 741 1035 775 et
1064 739 1196 775 forma
1222 739 1470 783 languidum.

109 802 186 839 149
268 804 292 839 2
320 803 445 839 altera
473 802 677 839 sententia
704 802 852 846 repetit
881 802 981 838 Don.
1014 802 1032 836 1
1063 802 1101 837 in
1132 802 1170 846 f.‚
1200 801 1361 836 initium
1389 802 1606 836 confictum
1637 811 1688 836 ex
1713 811 1747 837 v.
1773 801 1865 845 101;

215 865 260 901 cf.
291 866 367 901 Mn.
399 865 460 901 33.
491 864 578 901 242.
662 863 684 900 3
715 873 795 899 non
827 863 1038 907 intellego;
1070 864 1117 899 cf.
1146 863 1308 899 Wessn.
1337 863 1377 898 in
1405 872 1489 898 var.
1516 863 1604 898 lect.

111 927 187 963 150
269 927 314 963 cf.
346 928 415 962 Ph.
446 927 532 963 654.
568 927 600 961 1.

109 988 185 1025 152
268 988 291 1024 3
319 996 664 1033 supervacaneum
693 988 784 1031 post
816 987 849 1023 2.
935 987 958 1021 4
987 988 1028 1022 et
1057 987 1080 1023 5
1110 986 1198 1022 vide
1229 987 1390 1022 Wessn.
1421 997 1502 1023 var.
1530 986 1658 1022 lectio.

111 1050 186 1086 155
269 1051 293 1086 2
318 1050 392 1086 ‘hic
421 1048 713 1094 exemplum
744 1051 806 1084 est
833 1049 931 1092 sqq.'
948 1048 1044 1084 Vide
1061 1059 1162 1093 quae
1178 1050 1224 1084 de
1243 1049 1403 1084 scholiis
1420 1048 1701 1093 principalibus
1718 1051 1756 1089 (i.
1773 1058 1805 1084 e.
1823 1050 1868 1084 ad

215 1121 452 1148 scaenarum
479 1112 591 1147 initia
616 1110 776 1156 positis)
805 1110 1152 1155 Adelphorum
1181 1111 1385 1155 disputavi
1399 1111 1436 1145 in
1455 1111 1583 1154 prima
1598 1111 1869 1146 adnotatione.

111 1174 186 1209 155
268 1174 290 1210 3
320 1175 548 1209 extractum
579 1183 599 1208 e
630 1173 729 1208 Don.
814 1173 890 1209 156
924 1173 955 1208 1.
990 1173 1087 1208 Vide
1116 1174 1164 1208 ad
1194 1173 1287 1208 Hec.
1322 1172 1407 1208 120.
1441 1173 1473 1207 1.

110 1235 186 1271 156
270 1237 289 1272 1
320 1246 344 1271 a
373 1235 693 1271 additamentum
723 1234 875 1270 nullius
906 1234 1036 1279 pretii.
1134 1235 1157 1270 2
1186 1235 1308 1270 schol.
1335 1234 1682 1270 semirhetoricum
1712 1234 1870 1279 Donati,

216 1296 262 1335 cf.
292 1296 369 1332 vol.
400 1297 418 1332 Ι
447 1307 484 1341 p.
515 1296 603 1333 239.
688 1296 710 1332 3
740 1297 787 1331 ad
817 1297 891 1331 An.
928 1295 1015 1332 398.
1050 1298 1067 1333 1
1099 1307 1134 1332 α.
1218 1296 1241 1331 4
1271 1297 1318 1331 ad
1348 1297 1423 1331 An.
1454 1295 1550 1340 514;
1582 1295 1628 1332 cf.
1658 1295 1803 1331 Kauer.

217 1358 240 1394 5
268 1358 391 1394 schol.
422 1368 531 1394 mere
558 1357 806 1393 rhetoricum
837 1359 877 1393 et
907 1358 975 1392 vix
1003 1358 1245 1394 Donateum.

110 1421 185 1457 157
269 1421 358 1457 vide
388 1421 435 1456 ad
466 1422 542 1456 An.
572 1419 660 1457 410.
692 1419 727 1455 2.

110 1483 186 1519 158
271 1482 290 1518 1
330 1482 501 1526 Speng.:
543 1482 657 1517 deest
695 1480 903 1525 ‘tangam’‚
941 1482 1011 1517 sed
1047 1481 1133 1526 ipse
1170 1481 1268 1516 Don.
1307 1480 1346 1515 in
1375 1480 1399 1516 2
1427 1479 1575 1516 indicat
1605 1480 1758 1524 ellipsin
1789 1490 1868 1516 non

216 1544 483 1588 supplendam
513 1552 616 1579 esse.

110 1605 186 1642 159
270 1607 289 1642 1
320 1605 662 1641 additamentum:
692 1604 812 1639 ‘nam’
843 1613 933 1640 cum
963 1614 1048 1648 sqq.
1080 1604 1194 1641 valde
1225 1604 1475 1649 suspectum,
1505 1603 1551 1639 cf.
1583 1604 1668 1640 110.
1701 1606 1735 1640 1.

218 1667 242 1703 2
269 1667 316 1702 cf.
345 1666 466 1711 praef.
494 1666 553 1702 III
584 1666 607 1702 2
633 1663 804 1701 ‘lenonis
832 1665 999 1701 alteram
1027 1665 1184 1702 rixam⁷.
1214 1666 1348 1701 Kauer
1377 1675 1414 1710 p.
1452 1665 1499 1702 14
1527 1666 1617 1701 adn.
1647 1666 1683 1701 2.

111 1728 184 1765 161
268 1728 291 1765 3
330 1728 526 1765 scholium
564 1727 661 1763 mihi
698 1736 779 1763 non
820 1737 989 1771 prorsus
1026 1728 1300 1773 perspicuum,
1330 1728 1420 1763 leno
1450 1728 1680 1763 obtestatur
1709 1728 1867 1763 tantum

216 1800 260 1826 se
288 1790 363 1827 fide
391 1790 675 1835 dignissimum
706 1799 810 1825 esse.

111 1852 187 1888 163
269 1852 292 1888 7
327 1854 376 1888 ad
412 1853 490 1888 An.
523 1851 609 1888 175.
639 1851 675 1887 3.
773 1851 796 1887 2
825 1860 850 1886 α
878 1853 1036 1888 notavit
1067 1852 1227 1888 Wessn.
1313 1851 1348 1887 3.
1378 1851 1402 1885 4
1431 1851 1530 1886 falsa
1558 1851 1673 1886 iuxta
1702 1850 1799 1886 Don.
1831 1851 1866 1886 5.

216 1914 401 1951 Ceterum
429 1915 567 1950 iuncta
594 1913 759 1949 fuerunt
789 1914 941 1950 scholia
972 1916 991 1950 1
1023 1917 1061 1950 et
1093 1914 1129 1958 7,
1160 1914 1220 1949 uti
1250 1913 1273 1949 5
1302 1915 1342 1949 et
1372 1913 1407 1949 6.

111 1976 188 2013 164
269 1976 294 2012 4
321 1976 472 2012 nullius
501 1975 632 2020 pretii.
688 2008 692 2011 .

111 2038 188 2074 165
271 2040 290 2074 1
321 2039 451 2074 denuo
478 2037 766 2074 removendum
795 2037 953 2072 videtur
981 2037 1095 2072 illud:
1127 2036 1256 2072 ‘deest
1284 2037 1393 2072 enim
1422 2036 1569 2081 verba’‚
1598 2036 1686 2072 vide
1715 2037 1761 2072 ad
1794 2036 1868 2072 110

218 2101 258 2136 et
285 2099 381 2137 227:
412 2110 482 2144 per
510 2098 766 2144 aposiopesin
795 2108 875 2134 non
906 2099 1143 2144 completur.
1238 2095 1472 2147 2—†-3—{—4
1502 2108 1628 2134 unum
1658 2098 1868 2142 scholium,

216 2162 330 2197 cuius
373 2161 504 2197 media
539 2170 632 2205 pars
671 2170 770 2196 sane
806 2161 1183 2205 interpretationem
1218 2160 1396 2196 continet
1425 2160 1659 2205 mirabilem,
1689 2161 1758 2195 sed
1788 2169 1866 2195 non

217 2224 447 2261 absurdam.
485 2223 530 2258 In
569 2223 593 2257 4
630 2231 774 2257 causae
813 2223 1021 2266 generales
1059 2224 1168 2266 sunt,
1207 2231 1310 2266 quae
1348 2222 1497 2258 habent
1533 2222 1865 2257 constitutionem

219 2285 460 2330 generalem,
491 2285 536 2320 de
565 2294 645 2328 qua
673 2284 761 2319 vide
792 2283 1044 2320 Victorinum
1073 2295 1109 2328 p.
1144 2284 1230 2320 180.
1260 2283 1321 2319 38.

114 2347 188 2384 167
282 2349 301 2391 1
332 2347 407 2382 An.
441 2346 578 2383 171.2.
663 2345 686 2381 3
716 2345 815 2380 Eun.
847 2345 934 2382 273.
1021 2347 1095 2382 168
1124 2346 1220 2381 Pho.
1249 2345 1338 2381 983.
1422 2346 1499 2382 169
1528 2345 1552 2381 2
1580 2345 1625 2381 cf.
1655 2345 1742 2381 576.
1760 2344 1796 2381 3.

115 2409 188 2445 171
276 2410 309 2445 1.
339 2408 363 2444 2
404 2409 621 2451 utrumque
663 2408 925 2452 desumptum
968 2408 1125 2444 videtur
1167 2418 1188 2444 e
1229 2407 1378 2443 scholio
1418 2407 1594 2452 pleniore
1635 2407 1779 2443 Donati
1819 2407 1867 2442 ad

217 2470 313 2507 Hec.
344 2470 445 2507 33.4.

111 2532 187 2568 172
269 2531 292 2568 3
322 2531 479 2575 ‘magis’
508 2543 559 2563 --
590 2530 740 2575 potius,
766 2532 810 2566 ut
836 2540 957 2575 saepe
981 2531 1021 2566 in
1041 2533 1293 2575 commento;
1318 2532 1496 2567 ceterum
1521 2531 1644 2566 miror
1667 2532 1868 2567 Donatum

217 2594 424 2630 dubitasse
452 2592 515 2629 cui
542 2592 768 2628 Aeschinus
799 2592 874 2628 hoc
903 2593 1019 2629 dicat.
1101 2593 1124 2629 3
1153 2593 1198 2629 cf.
1230 2593 1376 2628 Kauer.
1461 2592 1484 2628 2
1512 2592 1641 2628 differt
1669 2602 1692 2627 a
1718 2592 1869 2628 Don.3.

112 2657 189 2692 175
269 2656 293 2691 4
323 2656 427 2692 ‘iam'
452 2654 498 2691 cf.
525 2653 651 2691 589.1
683 2655 760 2690 An.
800 2654 886 2691 190.
906 2655 940 2700 2,
983 2655 1069 2691 617.
1088 2657 1124 2701 4,
1164 2655 1250 2691 684.
1268 2655 1304 2697 4,
1333 2654 1422 2699 922,
1456 2654 1567 2699 10217
1598 2655 1697 2689 Eun.
1728 2653 1868 2699 492‚2⁷

218 2717 314 2754 Pho.
344 2717 473 2762 351.1‚
503 2718 581 2752 etc.
663 2715 725 2751 6a
747 2716 884 2752 Kauer
909 2718 1054 2753 merito
1080 2717 1200 2752 huius
1225 2716 1364 2752 scholii
1388 2716 1562 2760 priorem
1586 2716 1868 2751 tautummodo

215 2781 372 2824 partem
396 2779 548 2823 citavit,
573 2779 612 2814 et
629 2777 767 2813 omisit
783 2778 1103 2815 additamentum
1121 2789 1192 2823 per
1214 2788 1338 2823 nam,
1363 2764 1523 2821 quando
1538 2778 1645 2813 enim
1661 2776 1868 2821 ‘proxime'

215 2851 239 2877 a
275 2841 422 2878 Donati
457 2841 589 2876 aetate
626 2839 793 2883 tyranni
822 2840 995 2876 Athenis
1026 2841 1189 2885 expulsi
1218 2841 1345 2875 sunt?
1373 2839 1620 2875 Wessnerus
1648 2838 1687 2873 in
1716 2840 1817 2882 App.
1849 2847 1869 2873 e

217 2902 367 2939 Graeco
413 2902 564 2938 scholio
614 2900 710 2936 haec
758 2901 957 2945 originem
999 2903 1177 2939 traxisse
1219 2902 1466 2946 suspicatur,
1509 2903 1579 2936 sed
1620 2901 1667 2936 de
1708 2899 1868 2935 Graecis

217 2965 421 3001 Menandri
451 2963 614 2999 scholiis
643 2962 742 2997 nihil
770 2964 974 3008 novimus,
1001 2964 1080 3000 nisi
1103 2966 1150 3000 de
1169 2963 1410 3000 Timachidis
1426 2962 1634 2998 cuiusdam
1650 2962 1870 3006 hypomne-

220 3028 328 3062 mate
365 3027 413 3061 ad
451 3025 653 3069 Colacem;
689 3024 734 3059 cf.
777 3025 994 3070 susemihL
1033 3026 1082 3061 H.
1120 3026 1162 3061 L.
1192 3025 1259 3061 Gr.
1290 3029 1472 3068 tempore
1501 3022 1615 3058 Alex,
1644 3021 1683 3056 II
1712 3030 1749 3065 p.
1782 3019 1868 3064 189,

162 3087 166 3090 ’
220 3089 261 3123 et
289 3097 390 3132 quae
420 3085 622 3132 disputavi
650 3085 690 3120 in
720 3087 862 3122 Mnem.
892 3087 940 3124 39
975 3088 1104 3131 (1911)
1134 3098 1171 3132 p.
1203 3087 1288 3123 143.
