2242 3443
102 665 178 701 539

102 1269 178 1305 540

102 1497 173 1534 541

100 1643 174 1679 542

98 1767 173 1804 543

98 1837 144 1872 54
151 1837 174 1873 4

99 1913 173 1949 545

98 2063 172 2100 546

100 2485 170 2521 547

99 2560 173 2597 548

101 2947 177 2984 549

953 165 1034 204 175

251 268 429 322 ἄκαιρον.
464 272 487 309 2
522 282 647 310 ILLUC
678 282 714 310 T.
750 282 791 310 U.
826 283 852 310 1.
887 283 923 309 E.
956 274 1005 309 ut
1038 272 1215 310 brevem
1250 272 1367 309 viam
1401 272 1744 321 demonstraret,
1779 282 1863 311 non

249 347 352 386 ‘eas’
378 347 454 386 sed
482 343 705 386 ‘transeas'
725 347 850 386 dixit.
881 350 905 385 3
924 358 1076 385 ΑΜΑΒΟ
1095 346 1280 386 ‘amabo’
1303 347 1545 385 interiectio
1565 350 1633 386 est
1650 349 1864 395 amantis,

250 423 333 461 etsi
366 423 546 462 verbum
580 425 722 462 sonat.

991 543 1030 580 4.

307 662 323 697 1
370 670 475 698 HEm
516 670 703 706 ALIQUOT
748 670 1104 701 ADULESCENTULI
1136 671 1294 699 comus
1328 671 1371 698 IN
1405 671 1562 698 PIRAEO
1595 660 1637 698 in
1664 662 1744 699 hoc
1771 672 1862 709 pro-

248 736 392 783 loquio
419 736 655 775 insinuatio
688 746 902 785 personae
934 736 1029 775 eius
1062 738 1147 784 est,
1178 737 1246 775 cui
1274 738 1533 775 narraturus
1562 738 1629 775 est
1653 735 1862 783 Chaerea,

249 823 359 860 quae
408 823 433 851 a
479 823 526 852 se
573 815 671 862 post
717 823 925 852 scaenam
973 815 1100 861 gesta
1142 816 1260 852 sunt.
1306 814 1373 851 Fit
1414 815 1562 852 autem
1606 814 1687 852 hoc
1719 813 1862 862 populi

247 898 396 938 causa,
432 891 479 927 ut
511 891 730 937 spectator
762 889 939 928 oriculis
969 889 1173 938 accipiat,
1208 889 1319 937 quod
1353 889 1550 928 subicere
1576 889 1714 928 oculis
1736 890 1862 936 poeta

247 974 333 1002 non
375 964 531 1012 potuit.
575 965 599 1003 2
643 975 800 1004 COIMUS
844 964 1042 1003 ‘coimus’
1085 965 1392 1004 consensimus
1427 975 1476 1003 ac
1508 965 1773 1013 pepigimus,
1810 974 1861 1001 ne

248 1039 305 1077 sit
345 1039 634 1079 soloecismus
679 1039 736 1079 ‘in
778 1040 946 1079 Piraeo’
989 1051 1065 1089 pro
1108 1040 1167 1078 ‘in
1210 1041 1445 1079 Piraeum’.
1479 1041 1504 1078 3
1539 1051 1643 1079 HERI
1675 1049 1862 1083 ALIQUOT

249 1125 605 1154 ADULESCENTULI
639 1127 672 1155 c.
706 1116 815 1155 bene
846 1116 1027 1154 inventa
1059 1126 1245 1164 persona
1271 1118 1356 1165 est,
1386 1116 1455 1154 cui
1482 1118 1629 1154 narret
1656 1115 1861 1164 Chaerea,

249 1200 302 1229 ne
334 1201 449 1229 unus
482 1191 554 1230 diu
587 1191 808 1240 loquatur,
843 1193 891 1230 ut
923 1192 1033 1240 apud
1068 1191 1370 1230 Menandrum.

309 1268 328 1304 l
374 1277 430 1305 UT
471 1278 524 1305 DE
567 1277 779 1306 SYMBoms
821 1277 1010 1306 EssEMUS
1054 1267 1233 1306 Plautus
1267 1268 1311 1305 in
1344 1267 1639 1306 Menaechmis
1672 1269 1725 1309 (v,
1760 1266 1861 1310 485)

249 1341 430 1381 ‘minore
473 1353 713 1391 numquam
750 1343 812 1382 fui
845 1343 1109 1392 dispendio’;
1145 1344 1170 1381 2
1204 1343 1279 1382 sed
1312 1343 1473 1382 melius
1508 1342 1733 1382 ‘essemus’
1766 1352 1860 1391 pro·

248 1417 378 1456 ducta
409 1429 434 1457 E
466 1418 607 1458 litera.

310 1496 329 1532 1
379 1504 679 1534 PRAEEECIMUS
720 1495 762 1534 id
807 1497 895 1534 est:
940 1493 1244 1545 συμποσιάρχην
1284 1495 1484 1534 fecimus.
1531 1495 1554 1532 2
1588 1505 1690 1532 DATI
1723 1503 1859 1532 Anum

245 1569 352 1608 nihil
384 1570 562 1609 interim
595 1571 646 1609 de
680 1573 847 1619 scorto;
881 1572 1060 1619 apparet
1093 1571 1211 1610 enim
1246 1570 1436 1619 ephebos
1468 1580 1579 1609 esse.

420 1646 437 1679 1
469 1655 709 1681 PRAETERIIT
739 1655 894 1681 TEMPUS
923 1645 1015 1689 quia
1043 1644 1219 1689 ‘tempus
1249 1646 1519 1681 constitutum
1550 1644 1640 1680 est’.
1671 1645 1693 1679 2
1719 1654 1795 1686 QUO
1820 1654 1859 1679 lN

361 1708 456 1735 Loco
487 1701 579 1743 quia
609 1699 732 1736 ‘locus
760 1700 1012 1736 constitutus
1042 1699 1132 1735 est'.

414 1778 526 1805 Homo
556 1779 643 1804 IPSE
673 1770 766 1813 quia
795 1768 1026 1805 ‘Chaeream
1057 1768 1091 1804 ei
1120 1769 1178 1804 rei
1206 1768 1496 1813 praefecimus'.

414 1848 554 1874 OETERI
582 1849 739 1875 DEDERE
768 1839 916 1875 ‘ceteri’
947 1838 1126 1883 exceptis
1156 1848 1220 1874 me
1250 1840 1370 1882 atque
1398 1838 1477 1874 illo.

301 1919 497 1955 QuisnAM
538 1921 644 1949 Hinc
675 1922 706 1949 A
737 1921 902 1949 THAmE
936 1921 1037 1949 EXIT
1071 1920 1204 1949 causa
1238 1909 1493 1949 sciscitandi
1526 1910 1593 1948 est
1626 1909 1858 1947 admiratio

242 1985 293 2024 de
328 1987 481 2025 habitu
514 1988 686 2026 mutato
720 1989 762 2025 et
795 1987 872 2025 vix
905 1987 1083 2035 agnitus
1116 1985 1325 2025 Chaerea.

304 2063 321 2099 1
369 2071 471 2106 QUID
514 2072 597 2101 Hoc
629 2072 812 2101 HOMINIS
854 2073 929 2100 EST
962 2062 1061 2101 vide
1093 2072 1148 2100 an
1180 2061 1356 2110 longam
1389 2060 1689 2100 narrationem
1721 2060 1860 2109 possit

244 2137 391 2175 audire
433 2138 504 2186 qui
547 2139 742 2177 nondum
786 2138 927 2178 amico
968 2140 1176 2177 narrante
1208 2138 1297 2176 iam
1330 2137 1528 2186 pendeat.
1563 2137 1586 2174 2
1620 2147 1658 2175 1s
1691 2146 1764 2174 EsT
1797 2146 1857 2174 AN

243 2221 329 2250 NON
376 2223 451 2252 EST
495 2224 616 2252 IPSUs
657 2225 732 2253 EsT
775 2214 874 2253 vide
918 2224 973 2253 an
1014 2214 1207 2263 potuerit
1238 2213 1517 2252 meretricem
1550 2212 1745 2260 ignotam
1780 2211 1859 2250 hoc

243 2287 394 2326 habitu
438 2290 568 2337 atque
611 2291 769 2330 ornatu
806 2289 975 2338 fallere,
1010 2289 1083 2337 qui
1115 2289 1168 2328 ab
1202 2289 1452 2337 Antiphone
1485 2288 1560 2326 vix
1593 2288 1855 2336 agnoscitur.

415 2362 437 2398 3
479 2372 573 2405 QUID
602 2373 678 2399 Hoc
706 2373 877 2400 HOMINIS
908 2373 976 2399 EST
1005 2364 1111 2408 quod
1141 2372 1163 2399 a
1192 2363 1343 2399 Thaide
1372 2362 1551 2407 ephebus
1579 2362 1674 2397 exit.
1707 2362 1729 2395 4
1760 2370 1855 2402 QUID

359 2426 427 2452 inc
458 2426 642 2452 ORNATUS
672 2418 775 2462 quod
806 2419 852 2454 de
881 2417 1056 2453 eunuchi
1085 2418 1199 2453 veste
1227 2417 1396 2452 indutus
1421 2418 1496 2452 est.

414 2495 508 2527 QUID
537 2496 658 2522 ILLUD
687 2498 787 2523 MALI
816 2487 922 2531 quod
952 2487 1118 2522 timidus
1148 2487 1362 2530 egreditur.

300 2567 401 2602 Qum
435 2567 500 2595 slT
532 2568 771 2597 SCISOITARI
806 2558 1050 2597 ‘sciscitari’
1085 2560 1152 2596 est
1184 2557 1356 2596 occulta
1382 2556 1523 2604 magis
1551 2560 1591 2594 et
1620 2554 1855 2593 secretiora

245 2632 396 2671 rimari
429 2643 479 2672 ac
505 2634 617 2673 velle
643 2644 922 2683 cognoscere,
954 2637 1002 2672 ut
1029 2633 1314 2682 ‘Eurypylum
1343 2632 1577 2670 scitantem
1609 2630 1655 2668 O.
1686 2629 1760 2667 Ph.
1779 2628 1852 2667 m.’

246 2708 367 2748 (Aen.
402 2710 445 2749 2.
482 2712 592 2755 114).

958 2830 998 2867 5.

306 2949 324 2984 1
372 2958 466 2986 NUM
509 2957 606 2993 Quis
648 2958 721 2986 Hie
763 2958 837 2986 EST
880 2957 996 2985 NEMO
1028 2957 1103 2984 EST
1136 2946 1178 2984 in
1213 2947 1294 2984 hac
1326 2954 1484 2983 scaena
1515 2943 1647 2982 verba
1678 2944 1848 2990 gestum

249 3022 504 3070 vultumque
546 3023 741 3062 indicant
782 3023 1005 3071 exeuntis,
1050 3022 1118 3060 cui
1159 3021 1287 3060 obvia
1317 3030 1505 3068 persona
1535 3018 1736 3063 obicitur,
1770 3016 1849 3055 sub
