2242 3443
965 162 1049 202 847

126 266 223 293 num
254 261 318 295 ubi
348 268 524 302 nuncubi
554 271 680 307 sicubi
710 275 749 310 E.
782 248 866 314 163.

126 328 318 357 numnam
348 325 381 359 A
411 326 500 363 591.
531 330 571 365 E.
603 331 688 369 286.

123 388 231 416 nunc
261 392 388 428 nuper
418 388 455 423 E.
487 389 522 425 9.

517 470 564 512 0.

120 535 299 573 ob=ad
329 539 377 575 H.
407 541 496 579 859.

117 595 251 632 obitus
280 601 481 639 adventus
510 605 559 641 H.
589 607 676 646 859.

117 656 292 695 oblatum
325 662 398 697 Ad.
429 663 515 702 296.
546 667 594 704 H.
620 669 708 708 370.
738 673 825 712 383.

115 717 356 758 obnuntiare
384 725 474 761 adn.
506 737 621 765 omen
646 732 719 767 Ad.
748 735 835 773 547.

112 778 385 820 obsecundare
413 787 484 822 Ad.
513 789 601 826 994.

110 839 393 881 observari—tio
421 849 468 884 A.
503 850 586 888 169.
617 853 704 892 412.
736 859 806 894 Ad.
838 861 870 897 2.

109 898 307 936 obstetrix
335 905 381 940 A.
413 906 500 944 299.
531 911 619 948 473.

24 959 33 979 Γ
108 959 327 999 obtestatio
358 966 404 1001 A.
437 967 523 1007 291.
552 972 639 1011 540.
670 978 719 1014 H.
748 980 836 1018 387.

106 1021 249 1065 obtigit
274 1026 414 1063 accidit
439 1029 508 1067 Ph.
539 1033 628 1072 239.

105 1081 328 1121 obtundere
358 1089 416 1126 (cf.
451 1093 632 1139 tundere)
662 1103 734 1137 Ad.
768 1105 852 1142 113.

103 1142 316 1182 obturbare
345 1151 391 1184 A.
416 1151 503 1188 926.

102 1204 277 1243 occidere
306 1219 413 1253 prae-
444 1216 515 1252 Ad.
541 1218 628 1256 559.

101 1267 277 1311 occipere
307 1273 465 1315 -pitium
496 1280 542 1313 A.
573 1280 661 1319 504.

97 1325 238 1365 offerre
266 1334 431 1371 reddere
459 1338 508 1373 H.
540 1340 627 1379 370.
659 1346 744 1384 740.

96 1388 267 1427 officium
298 1394 465 1434 efficium
496 1402 541 1436 A.
573 1404 660 1441 236.
692 1411 763 1446 Ad.
795 1413 856 1449 69.

94 1458 212 1486 omen
242 1455 289 1489 A.
320 1455 406 1494 200.

93 1520 207 1554 opem
238 1514 340 1552 ferre
371 1521 559 1564 opitulari
588 1530 633 1563 A.
665 1531 751 1568 210.

89 1580 211 1616 opera
240 1578 312 1612 Ad.
347 1580 418 1617 261
454 1594 514 1628 op.
548 1589 664 1633 culpa
694 1593 741 1629 H.
778 1596 864 1634 228.

87 1635 232 1677 oppido
262 1639 333 1674 Ad.
364 1641 453 1680 321.
484 1646 530 1682 H.
565 1650 653 1687 238.

85 1698 314 1739 opportune
342 1707 483 1746 portus
513 1709 561 1745 H.
593 1712 678 1749 626Δ

84 1758 223 1800 optare
250 1761 298 1799 A.
329 1763 414 1801 797.

81 1818 208 1856 oratio
238 1822 358 1860 stilus
387 1829 434 1872 A,
466 1830 524 1866 12.

80 1887 193 1917 orare
221 1882 367 1928 alloqui
395 1888 444 1924 H.
477 1892 562 1930 717.

129 1968 146 1987 ,
215 1945 425 1985 obsecrare
476 1956 702 2000 supplicare
742 1966 788 2000 A.
831 1967 920 2004 312.

129 2002 170 2038 E.
200 2005 262 2041 49.
294 2009 365 2044 Ad.
394 2012 484 2049 472.

75 2071 120 2097 os
148 2065 307 2114 durum,
336 2071 446 2109 frons
476 2078 607 2115 mollis
636 2083 677 2118 E.
709 2084 795 2122 806.

73 2125 246 2163 oscitare
275 2131 347 2167 -tio
376 2134 425 2169 ab
455 2146 522 2173 ore
550 2142 690 2179 ciendo
720 2149 766 2182 A.
800 2151 883 2187 181.

71 2187 251 2225 osculum
282 2192 438 2231 basium
469 2200 626 2238 savium
658 2206 699 2241 Ε.
728 2209 815 2246 456.

69 2246 226 2285 otiosus
255 2262 422 2292 securus
452 2261 498 2295 A.
528 2261 615 2300 398.
648 2268 721 2306 Ad.
753 2271 838 2309 156.

65 2409 160 2444 pace
188 2406 259 2442 tua
287 2409 329 2444 E.
364 2412 451 2449 466.

63 2465 172 2505 parsi
206 2472 363 2513 peperci
391 2474 440 2510 H.
470 2478 559 2516 282.

60 2526 326 2567 pauxillulum
357 2534 426 2571 Ph.
458 2538 519 2576 37.

59 2587 244 2628 pavitare
272 2594 334 2629 etc
361 2595 411 2633 H.
441 2599 530 2637 321.

56 2648 345 2696 pedetemptim
371 2668 393 2693 a
417 2663 585 2704 pedibus
610 2671 649 2704 et
667 2671 902 2717 temptando

111 2709 182 2746 Ph.
213 2714 301 2752 552.

53 2779 186 2813 penus
214 2776 290 2813 hoc
318 2779 380 2817 hic
410 2783 507 2823 haec
537 2791 576 2827 Ε.
610 2794 699 2831 310.

51 2838 276 2875 percontari
303 2845 448 2882 contus
479 2856 649 2891 cunctus
678 2857 726 2893 H.
757 2860 818 2896 77.

51 2895 267 2936 perducere
297 2903 344 2939 A.
373 2906 434 2943 81.

49 2959 259 3000 peregrina
296 2971 486 3006 meretrix
528 2976 574 3010 A.
616 2979 701 3015 146.
735 2982 821 3030 469.
854 2986 894 3021 Ε.

94 3017 190 3056 107.
221 3022 310 3063 986.

1037 296 1225 332 perparce
1254 294 1343 329 sim.
1374 297 1419 331 A.
1450 300 1536 335 455.

1035 350 1224 394 perplexe
1251 355 1291 389 Ε.
1323 356 1411 393 817.

1034 419 1226 454 perquam
1256 417 1327 451 Ad.
1357 418 1445 455 566.

1032 476 1264 517 perreptare
1293 478 1362 514 ·tio
1391 481 1464 516 Ad.
1495 483 1581 520 715.

1031 534 1166 574 petere
1194 539 1400 579 postulare
1429 543 1473 577 A.
1506 544 1593 581 422.

1029 591 1217 631 Phormio
1247 598 1317 633 Ph.
1346 600 1407 637 26.
1442 604 1525 640 122.

1028 653 1199 695 pistrilla
1226 659 1314 695 sim.
1345 662 1417 698 Ad.
1448 665 1535 703 584.

1026 713 1199 757 plectere
1229 719 1296 754 Ph.
1328 722 1414 759 220.

1024 774 1115 818 plus
1147 780 1248 816 satis
1282 782 1321 817 Ε.
1352 784 1401 820 85
1432 787 1477 821 cf.
1507 791 1553 824 ad
1584 794 1629 827 A.
1660 795 1721 831 55.

1023 838 1204 880 poenitet
1248 842 1316 880 Ph.
1361 846 1433 882 172
1463 858 1604 892 parum
1637 856 1793 893 videtur
1823 861 1862 895 Ε.

1077 898 1188 937 1013.

1018 961 1138 1001 poeta
1165 964 1238 998 ἀπὸ
1268 971 1334 1001 τοὺ
1364 974 1480 1004 ποιεῖν
1509 974 1555 1008 A.
1585 975 1622 1010 3.

1016 1020 1189 1063 polliceri
1218 1028 1328 1064 ·tatio
1357 1030 1403 1065 A.
1431 1031 1519 1069 527.
1551 1034 1638 1073 612.

1153 1112 1169 1130 „
1334 1093 1568 1133 promittere
1589 1098 1695 1135 ultro
1712 1102 1750 1137 Ε.
1769 1103 1856 1141 308.

1015 1145 1218 1187 popularis
1248 1148 1316 1185 Ph.
1347 1150 1408 1187 35.

1013 1213 1129 1247 porro
1168 1208 1214 1243 A.
1253 1209 1315 1246 22.
1350 1212 1436 1250 278.
1470 1217 1510 1252 E.
1541 1218 1627 1256 613.
1662 1223 1734 1258 Ad.
1765 1225 1852 1262 335.

1063 1266 1151 1304 419.
1181 1269 1231 1305 H.
1262 1270 1350 1311 298.
1380 1273 1467 1311 300.

1009 1329 1125 1371 porta
1152 1331 1200 1366 ab
1229 1336 1365 1370 aratro
1396 1340 1591 1380 portando
1620 1345 1690 1378 Ad.
1721 1346 1809 1384 583.

1007 1390 1170 1431 portare
1198 1392 1299 1430 ferre
1328 1395 1398 1433 Ph.
1430 1399 1515 1436 197.

1006 1452 1220 1495 postquam
1251 1456 1323 1491 Ad.
1357 1458 1389 1493 1.
1420 1459 1488 1496 Ph.
1523 1464 1555 1498 1.

1003 1513 1223 1554 postulatio
1261 1526 1353 1562 exp·
1381 1523 1455 1556 etc.
1485 1525 1529 1559 A.
1561 1526 1647 1562 639.
1678 1529 1724 1565 H.
1760 1532 1842 1569 180.

1002 1573 1209 1615 postulare
1238 1578 1310 1613 Ad.
1341 1579 1430 1618 238.

1000 1634 1105 1676 potis
1134 1639 1196 1672 etc
1224 1640 1270 1674 A.
1305 1641 1394 1677 437.
1424 1645 1497 1680 Ad.
1528 1647 1616 1685 296.

998 1697 1258 1741 praecipitato
1288 1703 1328 1737 te
1358 1704 1429 1739 Ad.
1460 1706 1547 1743 574.

995 1758 1222 1799 praedicare
1252 1761 1416 1801 laudare
1445 1767 1485 1803 E.
1515 1769 1603 1807 564.

994 1820 1238 1860 praestolare
1271 1824 1312 1860 E.
1344 1825 1432 1863 975.

992 1887 1163 1922 pravum
1192 1885 1345 1922 malum
1373 1889 1446 1926 Ad.
1476 1890 1563 1928 390.

991 1941 1165 1983 pretium
1202 1948 1424 1989 praemium
1455 1954 1502 1988 A.
1534 1954 1609 1992 610

989 2002 1139 2044 primas
1168 2010 1305 2049 partes
1335 2019 1454 2054 agere
1483 2014 1550 2051 Ph.
1583 2017 1642 2053 27,
1675 2020 1735 2057 28.

987 2071 1151 2106 procare
1180 2077 1326 2111 procus
1354 2071 1404 2109 H.
1438 2074 1521 2112 159.

986 2126 1316 2167 prodeambulare
1346 2135 1418 2170 Ad.
1450 2137 1536 2173 766.

984 2187 1202 2228 producere
1231 2192 1387 2231 differre
1415 2198 1461 2233 A.
1492 2199 1580 2236 615.

982 2248 1157 2290 proferre
1186 2253 1233 2287 A.
1262 2254 1350 2291 329.

981 2309 1175 2351 proficisci
1203 2315 1251 2350 A.
1282 2316 1369 2354 600.

978 2370 1205 2413 prolubium
1233 2376 1306 2412 Ad.
1338 2379 1426 2416 985.

978 2437 1195 2475 promereri
1224 2438 1296 2474 Ad.
1324 2440 1410 2477 201.
1434 2443 1479 2479 cf.
1497 2446 1541 2480 A.
1561 2446 1647 2483 331.
1671 2451 1713 2484 il.
1732 2451 1818 2488 487.

976 2497 1213 2536 pronomina
1242 2500 1288 2535 A.
1324 2501 1394 2538 199
1425 2514 1514 2540 cum
1544 2510 1631 2544 adn.

975 2558 1205 2600 propediem
1236 2563 1308 2599 Ad.
1337 2564 1426 2601 888.

973 2618 1146 2659 protelet
1176 2621 1245 2657 Ph.
1277 2623 1366 2661 213.

971 2681 1188 2721 protervus
1219 2686 1362 2722 -terere
1390 2688 1438 2723 H.
1470 2690 1558 2727 503.

969 2742 1153 2784 protinus
1183 2745 1219 2779 in
1251 2749 1371 2790 pedes
1402 2750 1474 2785 Ph.
1507 2753 1590 2790 190.

969 2803 1178 2845 providere
1210 2808 1324 2843 -visio
1355 2810 1400 2846 A.
1431 2811 1517 2848 208.

967 2865 1221 2907 providentia
1249 2869 1294 2903 A.
1328 2871 1413 2907 183.

966 2926 1169 2967 provincia
1199 2938 1221 2964 a
1250 2939 1367 2974 porro
1399 2935 1589 2973 vincendo
1620 2939 1687 2975 Ph.
1719 2943 1767 2978 72

964 2987 1178 3029 publicitus
1208 2990 1276 3026 Ph.
1307 2993 1394 3029 978.

961 3056 1159 3094 puerpera
1188 3052 1233 3088 A.
1262 3054 1351 3090 490.
