<?xml version="1.0" encoding="UTF-8"?>
<!DOCTYPE html PUBLIC "-//W3C//DTD XHTML 1.0 Transitional//EN"
    "http://www.w3.org/TR/xhtml1/DTD/xhtml1-transitional.dtd">
<html xmlns="http://www.w3.org/1999/xhtml" xml:lang="en" lang="en">
 <head>
  <title>
</title>
<meta http-equiv="Content-Type" content="text/html;charset=utf-8" />
  <meta name='ocr-system' content='tesseract 3.04.00' />
  <meta name='ocr-capabilities' content='ocr_page ocr_carea ocr_par ocr_line ocrx_word'/>
</head>
<body>
  <div class='ocr_page' id='page_1' title='image "./commentidonatian00donauoft/commentidonatian00donauoft_0023.png"; bbox 0 0 2242 3443; ppageno 0'>
   <div class='ocr_carea' id='block_1_1' title="bbox 159 345 236 382">
    <p class='ocr_par' dir='ltr' id='par_1_1' title="bbox 159 345 236 382">
     <span class='ocr_line' id='line_1_1' title="bbox 159 345 236 382; baseline -0.026 0"><span class='ocrx_word' id='word_1_1' title='bbox 159 345 236 382; x_wconf 77' lang='lat'>888</span> 
     </span>
    </p>
   </div>
   <div class='ocr_carea' id='block_1_2' title="bbox 157 571 236 609">
    <p class='ocr_par' dir='ltr' id='par_1_2' title="bbox 157 571 236 609">
     <span class='ocr_line' id='line_1_2' title="bbox 157 571 236 609; baseline -0.013 0"><span class='ocrx_word' id='word_1_2' title='bbox 157 571 236 609; x_wconf 75' lang='lat'>470</span> 
     </span>
    </p>
   </div>
   <div class='ocr_carea' id='block_1_3' title="bbox 3 729 15 1158">
    <p class='ocr_par' dir='ltr' id='par_1_3' title="bbox 3 729 15 1158">
     <span class='ocr_line' id='line_1_3' title="bbox 3 729 15 1158; textangle 90"><span class='ocrx_word' id='word_1_3' title='bbox 3 901 15 1158; x_wconf 42' lang='lat' dir='ltr'>muz-uffor-</span> <span class='ocrx_word' id='word_1_4' title='bbox 6 811 13 875; x_wconf 51' lang='lat' dir='ltr'>m-u</span> <span class='ocrx_word' id='word_1_5' title='bbox 10 767 11 770; x_wconf 62' lang='lat'><em>„</em></span> <span class='ocrx_word' id='word_1_6' title='bbox 8 729 13 734; x_wconf 50' lang='grc'>1</span> 
     </span>
    </p>
   </div>
   <div class='ocr_carea' id='block_1_4' title="bbox 156 1708 232 1747">
    <p class='ocr_par' dir='ltr' id='par_1_4' title="bbox 156 1708 232 1747">
     <span class='ocr_line' id='line_1_4' title="bbox 156 1708 232 1747; baseline 0 -1"><span class='ocrx_word' id='word_1_7' title='bbox 156 1708 232 1747; x_wconf 73' lang='grc'>476</span> 
     </span>
    </p>
   </div>
   <div class='ocr_carea' id='block_1_5' title="bbox 162 2544 236 2580">
    <p class='ocr_par' dir='ltr' id='par_1_5' title="bbox 162 2544 236 2580">
     <span class='ocr_line' id='line_1_5' title="bbox 162 2544 236 2580; baseline 0 0"><span class='ocrx_word' id='word_1_8' title='bbox 162 2544 236 2580; x_wconf 77' lang='grc'>754</span> 
     </span>
    </p>
   </div>
   <div class='ocr_carea' id='block_1_6' title="bbox 0 1456 21 2679">
    <p class='ocr_par' dir='ltr' id='par_1_6' title="bbox 0 1456 21 2679">
     <span class='ocr_line' id='line_1_6' title="bbox 0 1456 21 2679; baseline 0 0"><span class='ocrx_word' id='word_1_9' title='bbox 0 1456 21 2679; x_wconf 95' lang='lat' dir='ltr'> </span> 
     </span>
    </p>
   </div>
   <div class='ocr_carea' id='block_1_7' title="bbox 911 226 1908 259">
    <p class='ocr_par' dir='ltr' id='par_1_7' title="bbox 911 226 1908 259">
     <span class='ocr_line' id='line_1_7' title="bbox 911 226 1908 259; baseline 0.005 -5"><span class='ocrx_word' id='word_1_10' title='bbox 911 226 1164 256; x_wconf 80' lang='lat' dir='ltr'>PRAEFATIO.</span> <span class='ocrx_word' id='word_1_11' title='bbox 1828 232 1908 259; x_wconf 80' lang='lat' dir='ltr'>XIII</span> 
     </span>
    </p>
   </div>
   <div class='ocr_carea' id='block_1_8' title="bbox 296 340 1916 2666">
    <p class='ocr_par' dir='ltr' id='par_1_8' title="bbox 307 340 1910 465">
     <span class='ocr_line' id='line_1_8' title="bbox 308 340 1910 391; baseline 0.002 -12"><span class='ocrx_word' id='word_1_12' title='bbox 308 342 343 389; x_wconf 88' lang='lat'>1,</span> <span class='ocrx_word' id='word_1_13' title='bbox 394 341 478 380; x_wconf 83' lang='lat'>389</span> <span class='ocrx_word' id='word_1_14' title='bbox 526 343 560 380; x_wconf 93' lang='lat'>1.</span> <span class='ocrx_word' id='word_1_15' title='bbox 605 340 687 379; x_wconf 88' lang='lat' dir='ltr'>Vix</span> <span class='ocrx_word' id='word_1_16' title='bbox 732 343 965 389; x_wconf 89' lang='lat' dir='ltr'>utrumque</span> <span class='ocrx_word' id='word_1_17' title='bbox 1008 341 1271 391; x_wconf 86' lang='lat' dir='ltr'>Donateum,</span> <span class='ocrx_word' id='word_1_18' title='bbox 1317 353 1415 381; x_wconf 89' lang='lat' dir='ltr'>cum</span> <span class='ocrx_word' id='word_1_19' title='bbox 1459 344 1520 382; x_wconf 89' lang='lat' dir='ltr'>sic</span> <span class='ocrx_word' id='word_1_20' title='bbox 1559 345 1601 382; x_wconf 87' lang='lat' dir='ltr'>in</span> <span class='ocrx_word' id='word_1_21' title='bbox 1635 344 1793 383; x_wconf 89' lang='lat' dir='ltr'>vicinia</span> <span class='ocrx_word' id='word_1_22' title='bbox 1825 346 1910 383; x_wconf 91' lang='lat' dir='ltr'>sint</span> 
     </span>
     <span class='ocr_line' id='line_1_9' title="bbox 307 415 1590 465; baseline 0.002 -11"><span class='ocrx_word' id='word_1_23' title='bbox 307 416 462 465; x_wconf 85' lang='lat' dir='ltr'>posita.</span> <span class='ocrx_word' id='word_1_24' title='bbox 482 415 595 454; x_wconf 89' lang='lat' dir='ltr'>Illud</span> <span class='ocrx_word' id='word_1_25' title='bbox 629 419 804 465; x_wconf 85' lang='lat' dir='ltr'>propter</span> <span class='ocrx_word' id='word_1_26' title='bbox 836 417 1091 464; x_wconf 88' lang='lat' dir='ltr'>exemplum</span> <span class='ocrx_word' id='word_1_27' title='bbox 1125 416 1371 456; x_wconf 87' lang='lat' dir='ltr'>adhibitum</span> <span class='ocrx_word' id='word_1_28' title='bbox 1407 420 1446 456; x_wconf 90' lang='lat' dir='ltr'>ei</span> <span class='ocrx_word' id='word_1_29' title='bbox 1479 418 1590 457; x_wconf 86' lang='lat' dir='ltr'>dedi.</span> 
     </span>
    </p>

    <p class='ocr_par' dir='ltr' id='par_1_9' title="bbox 296 491 1916 2666">
     <span class='ocr_line' id='line_1_10' title="bbox 423 491 1853 541; baseline 0.001 -11"><span class='ocrx_word' id='word_1_30' title='bbox 423 503 454 531; x_wconf 84' lang='lat' dir='ltr'>e.</span> <span class='ocrx_word' id='word_1_31' title='bbox 517 491 703 530; x_wconf 81' lang='lat' dir='ltr'>Restant</span> <span class='ocrx_word' id='word_1_32' title='bbox 735 491 1003 531; x_wconf 85' lang='lat' dir='ltr'><strong>scholiorum</strong></span> <span class='ocrx_word' id='word_1_33' title='bbox 1036 493 1159 540; x_wconf 87' lang='lat' dir='ltr'>paria</span> <span class='ocrx_word' id='word_1_34' title='bbox 1191 494 1428 541; x_wconf 88' lang='lat' dir='ltr'>separatim</span> <span class='ocrx_word' id='word_1_35' title='bbox 1464 494 1693 532; x_wconf 85' lang='lat' dir='ltr'>tractanda</span> <span class='ocrx_word' id='word_1_36' title='bbox 1725 495 1853 533; x_wconf 86' lang='lat' dir='ltr'>haec:</span> 
     </span>
     <span class='ocr_line' id='line_1_11' title="bbox 305 567 1914 617; baseline 0.001 -11"><span class='ocrx_word' id='word_1_37' title='bbox 305 569 343 606; x_wconf 88' lang='grc'>2.</span> <span class='ocrx_word' id='word_1_38' title='bbox 378 568 417 607; x_wconf 86' lang='lat'>3.</span> <span class='ocrx_word' id='word_1_39' title='bbox 451 569 492 607; x_wconf 87' lang='lat'>4.</span> <span class='ocrx_word' id='word_1_40' title='bbox 526 569 565 607; x_wconf 89' lang='lat'>5.</span> <span class='ocrx_word' id='word_1_41' title='bbox 586 567 705 606; x_wconf 86' lang='lat' dir='ltr'>Simo</span> <span class='ocrx_word' id='word_1_42' title='bbox 737 577 784 607; x_wconf 90' lang='lat' dir='ltr'>se</span> <span class='ocrx_word' id='word_1_43' title='bbox 813 568 905 616; x_wconf 91' lang='lat' dir='ltr'>ipse</span> <span class='ocrx_word' id='word_1_44' title='bbox 934 567 1116 606; x_wconf 90' lang='lat' dir='ltr'>damnat</span> <span class='ocrx_word' id='word_1_45' title='bbox 1141 569 1371 616; x_wconf 82' lang='lat' dir='ltr'>tamquam</span> <span class='ocrx_word' id='word_1_46' title='bbox 1400 568 1608 607; x_wconf 89' lang='lat' dir='ltr'>stolidum</span> <span class='ocrx_word' id='word_1_47' title='bbox 1632 578 1775 617; x_wconf 87' lang='lat' dir='ltr'>pecus,</span> <span class='ocrx_word' id='word_1_48' title='bbox 1805 570 1914 617; x_wconf 83' lang='lat' dir='ltr'>quod</span> 
     </span>
     <span class='ocr_line' id='line_1_12' title="bbox 304 642 1914 692; baseline 0.001 -10"><span class='ocrx_word' id='word_1_49' title='bbox 304 642 382 682; x_wconf 85' lang='lat' dir='ltr'>filii</span> <span class='ocrx_word' id='word_1_50' title='bbox 418 653 590 683; x_wconf 90' lang='lat' dir='ltr'>amores</span> <span class='ocrx_word' id='word_1_51' title='bbox 627 652 713 682; x_wconf 88' lang='lat' dir='ltr'>non</span> <span class='ocrx_word' id='word_1_52' title='bbox 747 645 850 682; x_wconf 89' lang='lat' dir='ltr'>ante</span> <span class='ocrx_word' id='word_1_53' title='bbox 881 644 1138 692; x_wconf 84' lang='lat' dir='ltr'>perceperit.</span> <span class='ocrx_word' id='word_1_54' title='bbox 1168 643 1351 682; x_wconf 86' lang='lat' dir='ltr'>Initium</span> <span class='ocrx_word' id='word_1_55' title='bbox 1380 643 1533 683; x_wconf 88' lang='lat' dir='ltr'>scholii</span> <span class='ocrx_word' id='word_1_56' title='bbox 1563 645 1587 682; x_wconf 84' lang='lat'><strong>2</strong></span> <span class='ocrx_word' id='word_1_57' title='bbox 1616 645 1745 691; x_wconf 88' lang='lat' dir='ltr'>atque</span> <span class='ocrx_word' id='word_1_58' title='bbox 1772 654 1914 683; x_wconf 89' lang='lat' dir='ltr'>exem-</span> 
     </span>
     <span class='ocr_line' id='line_1_13' title="bbox 302 719 1913 770; baseline 0 -12"><span class='ocrx_word' id='word_1_59' title='bbox 302 719 424 769; x_wconf 88' lang='lat' dir='ltr'>plum</span> <span class='ocrx_word' id='word_1_60' title='bbox 466 719 803 760; x_wconf 84' lang='lat' dir='ltr'>ciceronianum</span> <span class='ocrx_word' id='word_1_61' title='bbox 846 719 900 759; x_wconf 89' lang='lat' dir='ltr'>ad</span> <span class='ocrx_word' id='word_1_62' title='bbox 943 720 1060 758; x_wconf 88' lang='lat' dir='ltr'>hunc</span> <span class='ocrx_word' id='word_1_63' title='bbox 1101 719 1246 758; x_wconf 88' lang='lat' dir='ltr'>locum</span> <span class='ocrx_word' id='word_1_64' title='bbox 1279 719 1388 758; x_wconf 89' lang='lat' dir='ltr'>nihil</span> <span class='ocrx_word' id='word_1_65' title='bbox 1415 721 1658 769; x_wconf 87' lang='lat' dir='ltr'>pertinent;</span> <span class='ocrx_word' id='word_1_66' title='bbox 1691 720 1913 770; x_wconf 83' lang='lat' dir='ltr'>audimus,</span> 
     </span>
     <span class='ocr_line' id='line_1_14' title="bbox 306 795 1916 845; baseline 0 -11"><span class='ocrx_word' id='word_1_67' title='bbox 306 795 449 845; x_wconf 86' lang='lat' dir='ltr'>credo,</span> <span class='ocrx_word' id='word_1_68' title='bbox 489 795 801 844; x_wconf 87' lang='lat' dir='ltr'>scholiastam‚</span> <span class='ocrx_word' id='word_1_69' title='bbox 842 796 915 844; x_wconf 89' lang='lat' dir='ltr'>qui</span> <span class='ocrx_word' id='word_1_70' title='bbox 957 795 1000 834; x_wconf 91' lang='lat' dir='ltr'>in</span> <span class='ocrx_word' id='word_1_71' title='bbox 1038 796 1106 834; x_wconf 89' lang='lat'>30.</span> <span class='ocrx_word' id='word_1_72' title='bbox 1146 798 1170 834; x_wconf 87' lang='lat'>5</span> <span class='ocrx_word' id='word_1_73' title='bbox 1202 796 1415 834; x_wconf 90' lang='lat' dir='ltr'>virtutum</span> <span class='ocrx_word' id='word_1_74' title='bbox 1451 796 1621 844; x_wconf 89' lang='lat' dir='ltr'>species</span> <span class='ocrx_word' id='word_1_75' title='bbox 1654 806 1739 835; x_wconf 92' lang='lat' dir='ltr'>non</span> <span class='ocrx_word' id='word_1_76' title='bbox 1771 797 1916 835; x_wconf 90' lang='lat' dir='ltr'>minus</span> 
     </span>
     <span class='ocr_line' id='line_1_15' title="bbox 305 868 1913 921; baseline 0 -12"><span class='ocrx_word' id='word_1_77' title='bbox 305 872 556 921; x_wconf 84' lang='lat' dir='ltr'>importune</span> <span class='ocrx_word' id='word_1_78' title='bbox 596 871 801 910; x_wconf 80' lang='lat' dir='ltr'>distinxit</span> <span class='ocrx_word' id='word_1_79' title='bbox 823 868 872 918; x_wconf 91' lang='lat'>¹);</span> <span class='ocrx_word' id='word_1_80' title='bbox 916 871 967 910; x_wconf 90' lang='lat' dir='ltr'>de</span> <span class='ocrx_word' id='word_1_81' title='bbox 1004 871 1223 920; x_wconf 86' lang='lat' dir='ltr'>particula</span> <span class='ocrx_word' id='word_1_82' title='bbox 1257 871 1423 910; x_wconf 90' lang='lat' dir='ltr'>causali</span> <span class='ocrx_word' id='word_1_83' title='bbox 1457 871 1597 910; x_wconf 91' lang='lat' dir='ltr'>‘unde’</span> <span class='ocrx_word' id='word_1_84' title='bbox 1625 871 1768 920; x_wconf 85' lang='lat' dir='ltr'>inepte</span> <span class='ocrx_word' id='word_1_85' title='bbox 1799 872 1913 910; x_wconf 89' lang='lat' dir='ltr'>adhi-</span> 
     </span>
     <span class='ocr_line' id='line_1_16' title="bbox 303 947 1915 998; baseline -0.001 -11"><span class='ocrx_word' id='word_1_86' title='bbox 303 948 407 998; x_wconf 90' lang='lat' dir='ltr'>bita,</span> <span class='ocrx_word' id='word_1_87' title='bbox 450 958 555 987; x_wconf 91' lang='lat' dir='ltr'>nam</span> <span class='ocrx_word' id='word_1_88' title='bbox 593 947 716 987; x_wconf 89' lang='lat' dir='ltr'>nulla</span> <span class='ocrx_word' id='word_1_89' title='bbox 748 947 939 987; x_wconf 88' lang='lat' dir='ltr'>causalis</span> <span class='ocrx_word' id='word_1_90' title='bbox 972 958 1114 987; x_wconf 87' lang='lat' dir='ltr'>nexus</span> <span class='ocrx_word' id='word_1_91' title='bbox 1145 950 1213 986; x_wconf 89' lang='lat' dir='ltr'>est</span> <span class='ocrx_word' id='word_1_92' title='bbox 1244 948 1357 987; x_wconf 90' lang='lat' dir='ltr'>inter</span> <span class='ocrx_word' id='word_1_93' title='bbox 1389 947 1638 996; x_wconf 83' lang='lat' dir='ltr'>exemplum</span> <span class='ocrx_word' id='word_1_94' title='bbox 1673 949 1715 985; x_wconf 90' lang='lat' dir='ltr'>et</span> <span class='ocrx_word' id='word_1_95' title='bbox 1745 957 1915 995; x_wconf 88' lang='lat' dir='ltr'>praece-</span> 
     </span>
     <span class='ocr_line' id='line_1_17' title="bbox 306 1022 1915 1073; baseline -0.001 -10"><span class='ocrx_word' id='word_1_96' title='bbox 306 1023 482 1063; x_wconf 88' lang='lat' dir='ltr'>dentem</span> <span class='ocrx_word' id='word_1_97' title='bbox 523 1024 815 1073; x_wconf 84' lang='lat' dir='ltr'>sententiam,</span> <span class='ocrx_word' id='word_1_98' title='bbox 858 1023 956 1062; x_wconf 89' lang='lat' dir='ltr'>vide</span> <span class='ocrx_word' id='word_1_99' title='bbox 999 1023 1050 1062; x_wconf 86' lang='lat' dir='ltr'>ad</span> <span class='ocrx_word' id='word_1_100' title='bbox 1092 1024 1191 1062; x_wconf 85' lang='lat'>286.</span> <span class='ocrx_word' id='word_1_101' title='bbox 1236 1022 1457 1062; x_wconf 86' lang='lat' dir='ltr'>Scholium</span> <span class='ocrx_word' id='word_1_102' title='bbox 1489 1023 1514 1062; x_wconf 88' lang='lat'><strong>3</strong></span> <span class='ocrx_word' id='word_1_103' title='bbox 1548 1032 1633 1062; x_wconf 92' lang='lat' dir='ltr'>non</span> <span class='ocrx_word' id='word_1_104' title='bbox 1666 1022 1778 1061; x_wconf 89' lang='lat' dir='ltr'>male</span> <span class='ocrx_word' id='word_1_105' title='bbox 1811 1023 1915 1061; x_wconf 87' lang='lat' dir='ltr'>indi-</span> 
     </span>
     <span class='ocr_line' id='line_1_18' title="bbox 306 1098 1914 1147; baseline 0 -9"><span class='ocrx_word' id='word_1_106' title='bbox 306 1100 396 1147; x_wconf 87' lang='lat' dir='ltr'>cat,</span> <span class='ocrx_word' id='word_1_107' title='bbox 440 1108 592 1138; x_wconf 90' lang='lat' dir='ltr'>senem</span> <span class='ocrx_word' id='word_1_108' title='bbox 635 1100 761 1147; x_wconf 85' lang='lat' dir='ltr'>quasi</span> <span class='ocrx_word' id='word_1_109' title='bbox 801 1100 981 1138; x_wconf 87' lang='lat' dir='ltr'>externo</span> <span class='ocrx_word' id='word_1_110' title='bbox 1023 1099 1200 1138; x_wconf 89' lang='lat' dir='ltr'>demum</span> <span class='ocrx_word' id='word_1_111' title='bbox 1242 1098 1452 1147; x_wconf 90' lang='lat' dir='ltr'>impulsu,</span> <span class='ocrx_word' id='word_1_112' title='bbox 1497 1108 1652 1147; x_wconf 90' lang='lat' dir='ltr'>nempe</span> <span class='ocrx_word' id='word_1_113' title='bbox 1695 1099 1762 1147; x_wconf 90' lang='lat' dir='ltr'>iis,</span> <span class='ocrx_word' id='word_1_114' title='bbox 1807 1109 1914 1147; x_wconf 86' lang='lat' dir='ltr'>quae</span> 
     </span>
     <span class='ocr_line' id='line_1_19' title="bbox 305 1171 1913 1224; baseline -0.001 -11"><span class='ocrx_word' id='word_1_115' title='bbox 305 1184 422 1214; x_wconf 91' lang='lat' dir='ltr'>nunc</span> <span class='ocrx_word' id='word_1_116' title='bbox 463 1184 670 1224; x_wconf 86' lang='lat' dir='ltr'>praesens</span> <span class='ocrx_word' id='word_1_117' title='bbox 711 1175 893 1224; x_wconf 87' lang='lat' dir='ltr'>audivit,</span> <span class='ocrx_word' id='word_1_118' title='bbox 921 1171 1198 1215; x_wconf 84' lang='lat' dir='ltr'>intellexisse</span> <span class='ocrx_word' id='word_1_119' title='bbox 1230 1175 1330 1223; x_wconf 90' lang='lat' dir='ltr'>quid</span> <span class='ocrx_word' id='word_1_120' title='bbox 1362 1176 1424 1213; x_wconf 93' lang='lat' dir='ltr'>rei</span> <span class='ocrx_word' id='word_1_121' title='bbox 1451 1174 1523 1213; x_wconf 90' lang='lat' dir='ltr'>sit.</span> <span class='ocrx_word' id='word_1_122' title='bbox 1551 1173 1780 1213; x_wconf 87' lang='lat' dir='ltr'>Conclusio</span> <span class='ocrx_word' id='word_1_123' title='bbox 1812 1174 1855 1213; x_wconf 91' lang='lat' dir='ltr'>in</span> <span class='ocrx_word' id='word_1_124' title='bbox 1889 1175 1913 1211; x_wconf 88' lang='lat'>4</span> 
     </span>
     <span class='ocr_line' id='line_1_20' title="bbox 306 1247 1914 1300; baseline -0.002 -10"><span class='ocrx_word' id='word_1_125' title='bbox 306 1252 418 1290; x_wconf 88' lang='lat' dir='ltr'>satis</span> <span class='ocrx_word' id='word_1_126' title='bbox 463 1247 582 1291; x_wconf 85' lang='lat' dir='ltr'>iusta</span> <span class='ocrx_word' id='word_1_127' title='bbox 624 1253 708 1300; x_wconf 90' lang='lat' dir='ltr'>est,</span> <span class='ocrx_word' id='word_1_128' title='bbox 753 1251 934 1290; x_wconf 86' lang='lat' dir='ltr'>tametsi</span> <span class='ocrx_word' id='word_1_129' title='bbox 977 1252 1178 1290; x_wconf 87' lang='lat' dir='ltr'>extrema</span> <span class='ocrx_word' id='word_1_130' title='bbox 1218 1251 1367 1289; x_wconf 89' lang='lat' dir='ltr'>minus</span> <span class='ocrx_word' id='word_1_131' title='bbox 1408 1250 1598 1299; x_wconf 88' lang='lat' dir='ltr'>placent,</span> <span class='ocrx_word' id='word_1_132' title='bbox 1642 1259 1739 1288; x_wconf 89' lang='lat' dir='ltr'>cum</span> <span class='ocrx_word' id='word_1_133' title='bbox 1784 1249 1914 1297; x_wconf 88' lang='lat' dir='ltr'>vulgo</span> 
     </span>
     <span class='ocr_line' id='line_1_21' title="bbox 304 1324 1915 1375; baseline -0.002 -9"><span class='ocrx_word' id='word_1_134' title='bbox 304 1327 638 1366; x_wconf 86' lang='lat' dir='ltr'>ratiocinatione</span> <span class='ocrx_word' id='word_1_135' title='bbox 674 1329 848 1366; x_wconf 84' lang='lat' dir='ltr'>tantum</span> <span class='ocrx_word' id='word_1_136' title='bbox 882 1327 1039 1366; x_wconf 89' lang='lat' dir='ltr'>bestiis</span> <span class='ocrx_word' id='word_1_137' title='bbox 1070 1328 1291 1375; x_wconf 83' lang='lat' dir='ltr'>praestare</span> <span class='ocrx_word' id='word_1_138' title='bbox 1324 1326 1534 1365; x_wconf 88' lang='lat' dir='ltr'>dicamur.</span> <span class='ocrx_word' id='word_1_139' title='bbox 1568 1325 1719 1364; x_wconf 88' lang='lat' dir='ltr'>Altera</span> <span class='ocrx_word' id='word_1_140' title='bbox 1751 1324 1915 1364; x_wconf 90' lang='lat' dir='ltr'>conclu-</span> 
     </span>
     <span class='ocr_line' id='line_1_22' title="bbox 305 1401 1914 1451; baseline -0.002 -9"><span class='ocrx_word' id='word_1_141' title='bbox 305 1403 373 1444; x_wconf 88' lang='lat' dir='ltr'>sio</span> <span class='ocrx_word' id='word_1_142' title='bbox 416 1403 459 1441; x_wconf 91' lang='lat' dir='ltr'>in</span> <span class='ocrx_word' id='word_1_143' title='bbox 492 1405 517 1442; x_wconf 80' lang='lat'>5</span> <span class='ocrx_word' id='word_1_144' title='bbox 551 1404 663 1442; x_wconf 87' lang='lat' dir='ltr'>mira</span> <span class='ocrx_word' id='word_1_145' title='bbox 700 1405 768 1442; x_wconf 88' lang='lat' dir='ltr'>est</span> <span class='ocrx_word' id='word_1_146' title='bbox 799 1405 843 1442; x_wconf 85' lang='lat' dir='ltr'>et</span> <span class='ocrx_word' id='word_1_147' title='bbox 875 1403 928 1442; x_wconf 89' lang='lat' dir='ltr'>ad</span> <span class='ocrx_word' id='word_1_148' title='bbox 961 1403 1200 1442; x_wconf 90' lang='lat' dir='ltr'>absurdum</span> <span class='ocrx_word' id='word_1_149' title='bbox 1234 1404 1365 1451; x_wconf 86' lang='lat' dir='ltr'>auget</span> <span class='ocrx_word' id='word_1_150' title='bbox 1397 1412 1505 1450; x_wconf 88' lang='lat' dir='ltr'>quae</span> <span class='ocrx_word' id='word_1_151' title='bbox 1532 1402 1647 1440; x_wconf 88' lang='lat' dir='ltr'>dicta</span> <span class='ocrx_word' id='word_1_152' title='bbox 1673 1402 1777 1439; x_wconf 89' lang='lat' dir='ltr'>sunt</span> <span class='ocrx_word' id='word_1_153' title='bbox 1804 1402 1846 1439; x_wconf 92' lang='lat' dir='ltr'>in</span> <span class='ocrx_word' id='word_1_154' title='bbox 1874 1401 1914 1439; x_wconf 84' lang='lat'>3.</span> 
     </span>
     <span class='ocr_line' id='line_1_23' title="bbox 305 1475 1913 1528; baseline -0.002 -11"><span class='ocrx_word' id='word_1_155' title='bbox 305 1478 498 1518; x_wconf 92' lang='lat' dir='ltr'>Duorum</span> <span class='ocrx_word' id='word_1_156' title='bbox 542 1481 849 1528; x_wconf 83' lang='lat' dir='ltr'>excerptorum</span> <span class='ocrx_word' id='word_1_157' title='bbox 892 1479 1081 1527; x_wconf 88' lang='lat' dir='ltr'>vestigia</span> <span class='ocrx_word' id='word_1_158' title='bbox 1124 1479 1168 1517; x_wconf 90' lang='lat' dir='ltr'>in</span> <span class='ocrx_word' id='word_1_159' title='bbox 1206 1475 1386 1518; x_wconf 89' lang='lat' dir='ltr'>scholiis</span> <span class='ocrx_word' id='word_1_160' title='bbox 1419 1478 1610 1526; x_wconf 86' lang='lat' dir='ltr'>profecto</span> <span class='ocrx_word' id='word_1_161' title='bbox 1643 1477 1764 1515; x_wconf 86' lang='lat' dir='ltr'>nulla</span> <span class='ocrx_word' id='word_1_162' title='bbox 1795 1479 1913 1525; x_wconf 89' lang='lat' dir='ltr'>sunt,</span> 
     </span>
     <span class='ocr_line' id='line_1_24' title="bbox 307 1551 1913 1604; baseline -0.002 -11"><span class='ocrx_word' id='word_1_163' title='bbox 307 1565 386 1593; x_wconf 90' lang='lat' dir='ltr'>nec</span> <span class='ocrx_word' id='word_1_164' title='bbox 426 1551 597 1603; x_wconf 91' lang='lat' dir='ltr'>proprie</span> <span class='ocrx_word' id='word_1_165' title='bbox 639 1554 802 1594; x_wconf 88' lang='lat' dir='ltr'>similia</span> <span class='ocrx_word' id='word_1_166' title='bbox 844 1555 1013 1604; x_wconf 87' lang='lat' dir='ltr'>insunt,</span> <span class='ocrx_word' id='word_1_167' title='bbox 1058 1554 1135 1593; x_wconf 90' lang='lat' dir='ltr'>sed</span> <span class='ocrx_word' id='word_1_168' title='bbox 1172 1554 1387 1602; x_wconf 86' lang='lat' dir='ltr'>quaedam</span> <span class='ocrx_word' id='word_1_169' title='bbox 1421 1555 1488 1592; x_wconf 91' lang='lat' dir='ltr'>est</span> <span class='ocrx_word' id='word_1_170' title='bbox 1519 1551 1711 1591; x_wconf 82' lang='lat' dir='ltr'>affinitas</span> <span class='ocrx_word' id='word_1_171' title='bbox 1742 1553 1913 1590; x_wconf 86' lang='lat' dir='ltr'>tantum</span> 
     </span>
     <span class='ocr_line' id='line_1_25' title="bbox 306 1629 831 1679; baseline 0.004 -11"><span class='ocrx_word' id='word_1_172' title='bbox 306 1629 422 1669; x_wconf 86' lang='lat' dir='ltr'>inter</span> <span class='ocrx_word' id='word_1_173' title='bbox 455 1631 478 1668; x_wconf 85' lang='lat'>2</span> <span class='ocrx_word' id='word_1_174' title='bbox 513 1632 556 1669; x_wconf 93' lang='lat' dir='ltr'>et</span> <span class='ocrx_word' id='word_1_175' title='bbox 588 1631 628 1679; x_wconf 87' lang='lat'>3,</span> <span class='ocrx_word' id='word_1_176' title='bbox 662 1632 686 1668; x_wconf 89' lang='lat'>4</span> <span class='ocrx_word' id='word_1_177' title='bbox 716 1632 760 1669; x_wconf 88' lang='lat' dir='ltr'>et</span> <span class='ocrx_word' id='word_1_178' title='bbox 793 1632 831 1670; x_wconf 84' lang='lat'>5.</span> 
     </span>
     <span class='ocr_line' id='line_1_26' title="bbox 303 1703 1915 1755; baseline -0.002 -11"><span class='ocrx_word' id='word_1_179' title='bbox 303 1706 327 1744; x_wconf 85' lang='lat'><strong>3</strong></span> <span class='ocrx_word' id='word_1_180' title='bbox 372 1707 415 1745; x_wconf 90' lang='lat' dir='ltr'>et</span> <span class='ocrx_word' id='word_1_181' title='bbox 458 1708 498 1746; x_wconf 89' lang='lat'>4.</span> <span class='ocrx_word' id='word_1_182' title='bbox 533 1706 756 1746; x_wconf 86' lang='lat' dir='ltr'>Scholium</span> <span class='ocrx_word' id='word_1_183' title='bbox 795 1708 819 1746; x_wconf 92' lang='lat'>3</span> <span class='ocrx_word' id='word_1_184' title='bbox 863 1707 1118 1755; x_wconf 88' lang='lat' dir='ltr'>bipartitum</span> <span class='ocrx_word' id='word_1_185' title='bbox 1153 1707 1242 1745; x_wconf 91' lang='lat' dir='ltr'>est:</span> <span class='ocrx_word' id='word_1_186' title='bbox 1278 1706 1321 1744; x_wconf 90' lang='lat' dir='ltr'>in</span> <span class='ocrx_word' id='word_1_187' title='bbox 1353 1706 1495 1754; x_wconf 91' lang='lat' dir='ltr'>priore</span> <span class='ocrx_word' id='word_1_188' title='bbox 1523 1706 1646 1753; x_wconf 89' lang='lat' dir='ltr'>parte</span> <span class='ocrx_word' id='word_1_189' title='bbox 1680 1703 1915 1742; x_wconf 80' lang='lat' dir='ltr'>scholiasta</span> 
     </span>
     <span class='ocr_line' id='line_1_27' title="bbox 302 1780 1912 1831; baseline -0.002 -10"><span class='ocrx_word' id='word_1_190' title='bbox 302 1782 428 1821; x_wconf 87' lang='lat' dir='ltr'>docet</span> <span class='ocrx_word' id='word_1_191' title='bbox 477 1782 706 1831; x_wconf 88' lang='lat' dir='ltr'>‘discipuli&#39;</span> <span class='ocrx_word' id='word_1_192' title='bbox 756 1792 853 1822; x_wconf 90' lang='lat' dir='ltr'>esse</span> <span class='ocrx_word' id='word_1_193' title='bbox 900 1782 1225 1822; x_wconf 88' lang='lat' dir='ltr'>nominativum</span> <span class='ocrx_word' id='word_1_194' title='bbox 1265 1780 1492 1829; x_wconf 90' lang='lat' dir='ltr'>pluralem,</span> <span class='ocrx_word' id='word_1_195' title='bbox 1536 1780 1579 1818; x_wconf 90' lang='lat' dir='ltr'>in</span> <span class='ocrx_word' id='word_1_196' title='bbox 1623 1780 1760 1820; x_wconf 86' lang='lat' dir='ltr'>altera</span> <span class='ocrx_word' id='word_1_197' title='bbox 1801 1789 1912 1817; x_wconf 90' lang='lat' dir='ltr'>com-</span> 
     </span>
     <span class='ocr_line' id='line_1_28' title="bbox 303 1854 1913 1907; baseline -0.003 -10"><span class='ocrx_word' id='word_1_198' title='bbox 303 1859 575 1897; x_wconf 85' lang='lat' dir='ltr'>memoratur</span> <span class='ocrx_word' id='word_1_199' title='bbox 616 1858 802 1897; x_wconf 89' lang='lat' dir='ltr'>aliorum</span> <span class='ocrx_word' id='word_1_200' title='bbox 846 1858 990 1907; x_wconf 87' lang='lat' dir='ltr'>opinio</span> <span class='ocrx_word' id='word_1_201' title='bbox 1032 1857 1283 1906; x_wconf 89' lang='lat' dir='ltr'>putantium</span> <span class='ocrx_word' id='word_1_202' title='bbox 1316 1866 1412 1895; x_wconf 88' lang='lat' dir='ltr'>esse</span> <span class='ocrx_word' id='word_1_203' title='bbox 1444 1855 1695 1904; x_wconf 86' lang='lat' dir='ltr'>genetivum</span> <span class='ocrx_word' id='word_1_204' title='bbox 1729 1854 1913 1903; x_wconf 87' lang='lat' dir='ltr'>singula-</span> 
     </span>
     <span class='ocr_line' id='line_1_29' title="bbox 304 1930 1914 1983; baseline -0.003 -10"><span class='ocrx_word' id='word_1_205' title='bbox 304 1943 398 1973; x_wconf 92' lang='lat' dir='ltr'>rem</span> <span class='ocrx_word' id='word_1_206' title='bbox 421 1930 464 1978; x_wconf 73' lang='lat'>2).</span> <span class='ocrx_word' id='word_1_207' title='bbox 498 1933 618 1973; x_wconf 89' lang='lat' dir='ltr'>Haec</span> <span class='ocrx_word' id='word_1_208' title='bbox 650 1934 808 1983; x_wconf 89' lang='lat' dir='ltr'>opinio,</span> <span class='ocrx_word' id='word_1_209' title='bbox 844 1935 992 1983; x_wconf 88' lang='lat' dir='ltr'>aperte</span> <span class='ocrx_word' id='word_1_210' title='bbox 1029 1933 1159 1981; x_wconf 87' lang='lat' dir='ltr'>falsa,</span> <span class='ocrx_word' id='word_1_211' title='bbox 1193 1935 1420 1980; x_wconf 87' lang='lat' dir='ltr'>tamquam</span> <span class='ocrx_word' id='word_1_212' title='bbox 1454 1940 1557 1970; x_wconf 90' lang='lat' dir='ltr'>vera</span> <span class='ocrx_word' id='word_1_213' title='bbox 1588 1931 1840 1980; x_wconf 88' lang='lat' dir='ltr'>proponitur</span> <span class='ocrx_word' id='word_1_214' title='bbox 1871 1930 1914 1968; x_wconf 88' lang='lat' dir='ltr'>in</span> 
     </span>
     <span class='ocr_line' id='line_1_30' title="bbox 303 2009 1912 2058; baseline -0.004 -9"><span class='ocrx_word' id='word_1_215' title='bbox 303 2010 352 2057; x_wconf 90' lang='lat'>4;</span> <span class='ocrx_word' id='word_1_216' title='bbox 395 2009 543 2058; x_wconf 90' lang='lat' dir='ltr'>itaque</span> <span class='ocrx_word' id='word_1_217' title='bbox 585 2011 609 2049; x_wconf 92' lang='lat'>3</span> <span class='ocrx_word' id='word_1_218' title='bbox 652 2012 696 2049; x_wconf 87' lang='lat' dir='ltr'>et</span> <span class='ocrx_word' id='word_1_219' title='bbox 738 2011 764 2048; x_wconf 86' lang='lat'>4</span> <span class='ocrx_word' id='word_1_220' title='bbox 806 2010 936 2049; x_wconf 92' lang='lat' dir='ltr'>unius</span> <span class='ocrx_word' id='word_1_221' title='bbox 982 2009 1157 2057; x_wconf 88' lang='lat' dir='ltr'>genuini</span> <span class='ocrx_word' id='word_1_222' title='bbox 1197 2009 1403 2056; x_wconf 85' lang='lat' dir='ltr'>excerpta</span> <span class='ocrx_word' id='word_1_223' title='bbox 1446 2016 1540 2045; x_wconf 89' lang='lat' dir='ltr'>esse</span> <span class='ocrx_word' id='word_1_224' title='bbox 1588 2016 1673 2045; x_wconf 89' lang='lat' dir='ltr'>non</span> <span class='ocrx_word' id='word_1_225' title='bbox 1716 2010 1912 2054; x_wconf 88' lang='lat' dir='ltr'>possunt,</span> 
     </span>
     <span class='ocr_line' id='line_1_31' title="bbox 304 2079 1914 2135; baseline -0.004 -10"><span class='ocrx_word' id='word_1_226' title='bbox 304 2096 405 2125; x_wconf 90' lang='lat' dir='ltr'>cum</span> <span class='ocrx_word' id='word_1_227' title='bbox 437 2087 679 2135; x_wconf 86' lang='lat' dir='ltr'>pugnantia</span> <span class='ocrx_word' id='word_1_228' title='bbox 710 2086 960 2125; x_wconf 85' lang='lat' dir='ltr'>defendant.</span> <span class='ocrx_word' id='word_1_229' title='bbox 996 2085 1118 2124; x_wconf 90' lang='lat' dir='ltr'>Unde</span> <span class='ocrx_word' id='word_1_230' title='bbox 1144 2085 1278 2133; x_wconf 85' lang='lat' dir='ltr'>igitur</span> <span class='ocrx_word' id='word_1_231' title='bbox 1307 2082 1439 2122; x_wconf 90' lang='lat' dir='ltr'>verba</span> <span class='ocrx_word' id='word_1_232' title='bbox 1465 2079 1631 2122; x_wconf 88' lang='lat' dir='ltr'>similia</span> <span class='ocrx_word' id='word_1_233' title='bbox 1657 2081 1824 2120; x_wconf 89' lang='lat' dir='ltr'>‘omnes</span> <span class='ocrx_word' id='word_1_234' title='bbox 1841 2090 1914 2130; x_wconf 87' lang='lat' dir='ltr'>per</span> 
     </span>
     <span class='ocr_line' id='line_1_32' title="bbox 305 2156 1915 2210; baseline -0.004 -10"><span class='ocrx_word' id='word_1_235' title='bbox 305 2170 415 2208; x_wconf 89' lang='lat' dir='ltr'>quos</span> <span class='ocrx_word' id='word_1_236' title='bbox 456 2162 600 2210; x_wconf 87' lang='lat' dir='ltr'>agitur</span> <span class='ocrx_word' id='word_1_237' title='bbox 637 2161 826 2200; x_wconf 88' lang='lat' dir='ltr'>fallacia’</span> <span class='ocrx_word' id='word_1_238' title='bbox 859 2162 902 2200; x_wconf 92' lang='lat' dir='ltr'>in</span> <span class='ocrx_word' id='word_1_239' title='bbox 936 2161 1151 2208; x_wconf 86' lang='lat' dir='ltr'>utroque?</span> <span class='ocrx_word' id='word_1_240' title='bbox 1183 2159 1313 2199; x_wconf 86' lang='lat' dir='ltr'>aliam</span> <span class='ocrx_word' id='word_1_241' title='bbox 1348 2167 1526 2198; x_wconf 87' lang='lat' dir='ltr'>causam</span> <span class='ocrx_word' id='word_1_242' title='bbox 1559 2167 1644 2196; x_wconf 89' lang='lat' dir='ltr'>non</span> <span class='ocrx_word' id='word_1_243' title='bbox 1678 2157 1800 2195; x_wconf 90' lang='lat' dir='ltr'>video</span> <span class='ocrx_word' id='word_1_244' title='bbox 1832 2156 1915 2194; x_wconf 90' lang='lat' dir='ltr'>nisi</span> 
     </span>
     <span class='ocr_line' id='line_1_33' title="bbox 303 2232 1913 2286; baseline -0.004 -12"><span class='ocrx_word' id='word_1_245' title='bbox 303 2235 429 2286; x_wconf 89' lang='lat' dir='ltr'>hanc,</span> <span class='ocrx_word' id='word_1_246' title='bbox 462 2239 685 2276; x_wconf 88' lang='lat' dir='ltr'>auctorem</span> <span class='ocrx_word' id='word_1_247' title='bbox 718 2236 875 2276; x_wconf 87' lang='lat' dir='ltr'>scholii</span> <span class='ocrx_word' id='word_1_248' title='bbox 906 2238 932 2275; x_wconf 90' lang='lat'>4</span> <span class='ocrx_word' id='word_1_249' title='bbox 965 2235 1164 2276; x_wconf 86' lang='lat' dir='ltr'>consulto</span> <span class='ocrx_word' id='word_1_250' title='bbox 1197 2234 1431 2273; x_wconf 86' lang='lat' dir='ltr'>invertisse</span> <span class='ocrx_word' id='word_1_251' title='bbox 1463 2232 1676 2271; x_wconf 87' lang='lat' dir='ltr'>scholium</span> <span class='ocrx_word' id='word_1_252' title='bbox 1711 2233 1749 2280; x_wconf 90' lang='lat'>3,</span> <span class='ocrx_word' id='word_1_253' title='bbox 1784 2232 1826 2270; x_wconf 88' lang='lat' dir='ltr'>et</span> <span class='ocrx_word' id='word_1_254' title='bbox 1855 2232 1913 2269; x_wconf 92' lang='lat' dir='ltr'>in-</span> 
     </span>
     <span class='ocr_line' id='line_1_34' title="bbox 296 2307 1911 2361; baseline -0.004 -11"><span class='ocrx_word' id='word_1_255' title='bbox 296 2312 676 2361; x_wconf 76' lang='lat' dir='ltr'>terpretationem,</span> <span class='ocrx_word' id='word_1_256' title='bbox 726 2322 836 2361; x_wconf 90' lang='lat' dir='ltr'>quae</span> <span class='ocrx_word' id='word_1_257' title='bbox 881 2309 972 2352; x_wconf 91' lang='lat' dir='ltr'>illic</span> <span class='ocrx_word' id='word_1_258' title='bbox 1014 2314 1240 2359; x_wconf 87' lang='lat' dir='ltr'>tamquam</span> <span class='ocrx_word' id='word_1_259' title='bbox 1286 2310 1434 2348; x_wconf 90' lang='lat' dir='ltr'>minus</span> <span class='ocrx_word' id='word_1_260' title='bbox 1477 2318 1581 2347; x_wconf 92' lang='lat' dir='ltr'>vera</span> <span class='ocrx_word' id='word_1_261' title='bbox 1627 2307 1911 2356; x_wconf 87' lang='lat' dir='ltr'>postponitur,</span> 
     </span>
     <span class='ocr_line' id='line_1_35' title="bbox 307 2383 1912 2437; baseline -0.005 -10"><span class='ocrx_word' id='word_1_262' title='bbox 307 2397 382 2436; x_wconf 91' lang='lat' dir='ltr'>pro</span> <span class='ocrx_word' id='word_1_263' title='bbox 413 2398 494 2427; x_wconf 87' lang='lat' dir='ltr'>sua</span> <span class='ocrx_word' id='word_1_264' title='bbox 519 2389 772 2437; x_wconf 90' lang='lat' dir='ltr'>amplexum</span> <span class='ocrx_word' id='word_1_265' title='bbox 803 2398 915 2437; x_wconf 91' lang='lat' dir='ltr'>esse,</span> <span class='ocrx_word' id='word_1_266' title='bbox 943 2387 1281 2436; x_wconf 88' lang='lat' dir='ltr'>subiungentem</span> <span class='ocrx_word' id='word_1_267' title='bbox 1310 2385 1512 2431; x_wconf 88' lang='lat' dir='ltr'>alteram,</span> <span class='ocrx_word' id='word_1_268' title='bbox 1541 2383 1622 2421; x_wconf 91' lang='lat' dir='ltr'>sibi</span> <span class='ocrx_word' id='word_1_269' title='bbox 1651 2383 1796 2421; x_wconf 87' lang='lat' dir='ltr'>minus</span> <span class='ocrx_word' id='word_1_270' title='bbox 1823 2391 1912 2430; x_wconf 91' lang='lat' dir='ltr'>pro-</span> 
     </span>
     <span class='ocr_line' id='line_1_36' title="bbox 306 2462 1022 2513; baseline 0.001 -12"><span class='ocrx_word' id='word_1_271' title='bbox 306 2462 467 2513; x_wconf 86' lang='lat' dir='ltr'>batam,</span> <span class='ocrx_word' id='word_1_272' title='bbox 500 2465 609 2513; x_wconf 87' lang='lat' dir='ltr'>ipsis</span> <span class='ocrx_word' id='word_1_273' title='bbox 641 2464 785 2504; x_wconf 88' lang='lat' dir='ltr'>verbis</span> <span class='ocrx_word' id='word_1_274' title='bbox 819 2464 1022 2512; x_wconf 88' lang='lat' dir='ltr'>collegae.</span> 
     </span>
     <span class='ocr_line' id='line_1_37' title="bbox 310 2532 1911 2589; baseline -0.006 -11"><span class='ocrx_word' id='word_1_275' title='bbox 310 2542 345 2579; x_wconf 91' lang='lat'>1.</span> <span class='ocrx_word' id='word_1_276' title='bbox 390 2541 429 2579; x_wconf 82' lang='grc'>2.</span> <span class='ocrx_word' id='word_1_277' title='bbox 472 2541 511 2579; x_wconf 86' lang='lat'>3.</span> <span class='ocrx_word' id='word_1_278' title='bbox 554 2541 614 2579; x_wconf 90' lang='lat' dir='ltr'>Ut</span> <span class='ocrx_word' id='word_1_279' title='bbox 655 2540 772 2589; x_wconf 89' lang='lat' dir='ltr'>olim,</span> <span class='ocrx_word' id='word_1_280' title='bbox 818 2541 880 2579; x_wconf 90' lang='lat' dir='ltr'>sic</span> <span class='ocrx_word' id='word_1_281' title='bbox 919 2541 1051 2578; x_wconf 90' lang='lat' dir='ltr'>etiam</span> <span class='ocrx_word' id='word_1_282' title='bbox 1086 2539 1211 2577; x_wconf 87' lang='lat' dir='ltr'>hodie</span> <span class='ocrx_word' id='word_1_283' title='bbox 1244 2538 1326 2576; x_wconf 89' lang='lat' dir='ltr'>viri</span> <span class='ocrx_word' id='word_1_284' title='bbox 1358 2537 1470 2575; x_wconf 79' lang='lat' dir='ltr'>docti</span> <span class='ocrx_word' id='word_1_285' title='bbox 1503 2534 1765 2573; x_wconf 86' lang='lat' dir='ltr'>dissentiunt</span> <span class='ocrx_word' id='word_1_286' title='bbox 1797 2532 1911 2570; x_wconf 87' lang='lat' dir='ltr'>sitne</span> 
     </span>
     <span class='ocr_line' id='line_1_38' title="bbox 306 2608 1397 2666; baseline -0.004 -12"><span class='ocrx_word' id='word_1_287' title='bbox 306 2616 460 2666; x_wconf 89' lang='lat' dir='ltr'>Mysis,</span> <span class='ocrx_word' id='word_1_288' title='bbox 495 2627 607 2664; x_wconf 87' lang='lat' dir='ltr'>quae</span> <span class='ocrx_word' id='word_1_289' title='bbox 641 2617 758 2656; x_wconf 88' lang='lat' dir='ltr'>dicat</span> <span class='ocrx_word' id='word_1_290' title='bbox 791 2615 1061 2663; x_wconf 87' lang='lat' dir='ltr'>‘maledicis’,</span> <span class='ocrx_word' id='word_1_291' title='bbox 1096 2624 1148 2653; x_wconf 89' lang='lat' dir='ltr'>an</span> <span class='ocrx_word' id='word_1_292' title='bbox 1182 2613 1331 2652; x_wconf 83' lang='lat' dir='ltr'>Davus</span> <span class='ocrx_word' id='word_1_293' title='bbox 1354 2608 1397 2657; x_wconf 77' lang='grc'>3).</span> 
     </span>
    </p>
   </div>
   <div class='ocr_carea' id='block_1_9' title="bbox 0 2824 1909 3128">
    <p class='ocr_par' dir='ltr' id='par_1_10' title="bbox 252 2824 1748 2873">
     <span class='ocr_line' id='line_1_39' title="bbox 252 2824 1748 2873; baseline -0.003 -13"><span class='ocrx_word' id='word_1_294' title='bbox 252 2826 274 2867; x_wconf 90' lang='lat'>¹)</span> <span class='ocrx_word' id='word_1_295' title='bbox 300 2825 368 2860; x_wconf 81' lang='lat' dir='ltr'>Illa</span> <span class='ocrx_word' id='word_1_296' title='bbox 392 2825 507 2860; x_wconf 81' lang='lat' dir='ltr'>verba</span> <span class='ocrx_word' id='word_1_297' title='bbox 530 2825 676 2860; x_wconf 81' lang='lat' dir='ltr'>notavit</span> <span class='ocrx_word' id='word_1_298' title='bbox 701 2824 942 2859; x_wconf 88' lang='lat' dir='ltr'>Wessnerus.</span> <span class='ocrx_word' id='word_1_299' title='bbox 1700 2867 1705 2872; x_wconf 36' lang='lat'><em>¹</em></span> <span class='ocrx_word' id='word_1_300' title='bbox 1741 2866 1748 2873; x_wconf 45' lang='grc'><em>·</em></span> 
     </span>
    </p>

    <p class='ocr_par' dir='ltr' id='par_1_11' title="bbox 0 2866 1909 3026">
     <span class='ocr_line' id='line_1_40' title="bbox 11 2866 1909 2927; baseline -0.009 -11"><span class='ocrx_word' id='word_1_301' title='bbox 11 2902 13 2927; x_wconf 70' lang='grc' dir='ltr'>Ι</span> <span class='ocrx_word' id='word_1_302' title='bbox 248 2878 274 2921; x_wconf 73' lang='lat'>²)</span> <span class='ocrx_word' id='word_1_303' title='bbox 299 2877 462 2913; x_wconf 83' lang='lat' dir='ltr'>Mediam</span> <span class='ocrx_word' id='word_1_304' title='bbox 487 2877 622 2912; x_wconf 88' lang='lat' dir='ltr'>scholii</span> <span class='ocrx_word' id='word_1_305' title='bbox 645 2879 788 2922; x_wconf 83' lang='lat' dir='ltr'>partem</span> <span class='ocrx_word' id='word_1_306' title='bbox 812 2876 834 2910; x_wconf 91' lang='lat'>3</span> <span class='ocrx_word' id='word_1_307' title='bbox 857 2887 884 2911; x_wconf 86' lang='lat' dir='ltr'>a</span> <span class='ocrx_word' id='word_1_308' title='bbox 903 2887 969 2920; x_wconf 88' lang='lat' dir='ltr'>pro</span> <span class='ocrx_word' id='word_1_309' title='bbox 990 2874 1213 2909; x_wconf 77' lang='lat' dir='ltr'>emblemate</span> <span class='ocrx_word' id='word_1_310' title='bbox 1233 2873 1363 2916; x_wconf 80' lang='lat' dir='ltr'>inepto</span> <span class='ocrx_word' id='word_1_311' title='bbox 1378 2869 1540 2914; x_wconf 87' lang='lat' dir='ltr'>seposui.</span> <span class='ocrx_word' id='word_1_312' title='bbox 1555 2868 1656 2903; x_wconf 84' lang='lat' dir='ltr'>Simo</span> <span class='ocrx_word' id='word_1_313' title='bbox 1670 2866 1763 2901; x_wconf 86' lang='grc'><strong>1111111</strong></span> <span class='ocrx_word' id='word_1_314' title='bbox 1777 2867 1909 2900; x_wconf 76' lang='lat' dir='ltr'>‘osten-</span> 
     </span>
     <span class='ocr_line' id='line_1_41' title="bbox 0 2919 1907 2978; baseline -0.007 -13"><span class='ocrx_word' id='word_1_315' title='bbox 0 2930 13 2970; x_wconf 66' lang='lat'>,&#39;</span> <span class='ocrx_word' id='word_1_316' title='bbox 159 2929 235 2970; x_wconf 81' lang='lat' dir='ltr'>dit&#39;,</span> <span class='ocrx_word' id='word_1_317' title='bbox 259 2931 326 2965; x_wconf 86' lang='lat' dir='ltr'>sed</span> <span class='ocrx_word' id='word_1_318' title='bbox 353 2930 605 2978; x_wconf 85' lang='lat' dir='ltr'>suspicionem</span> <span class='ocrx_word' id='word_1_319' title='bbox 626 2930 803 2974; x_wconf 75' lang='lat' dir='ltr'>protulit3</span> <span class='ocrx_word' id='word_1_320' title='bbox 825 2929 921 2963; x_wconf 81' lang='lat' dir='ltr'>hanc</span> <span class='ocrx_word' id='word_1_321' title='bbox 942 2929 1065 2962; x_wconf 82' lang='lat' dir='ltr'>autem</span> <span class='ocrx_word' id='word_1_322' title='bbox 1089 2926 1227 2961; x_wconf 80' lang='lat' dir='ltr'>bonam</span> <span class='ocrx_word' id='word_1_323' title='bbox 1242 2936 1325 2959; x_wconf 86' lang='lat' dir='ltr'>esse</span> <span class='ocrx_word' id='word_1_324' title='bbox 1340 2922 1496 2967; x_wconf 83' lang='lat' dir='ltr'>(‘bene&#39;),</span> <span class='ocrx_word' id='word_1_325' title='bbox 1511 2920 1679 2956; x_wconf 85' lang='lat' dir='ltr'>concludi</span> <span class='ocrx_word' id='word_1_326' title='bbox 1696 2931 1770 2953; x_wconf 90' lang='lat' dir='ltr'>non</span> <span class='ocrx_word' id='word_1_327' title='bbox 1783 2919 1907 2962; x_wconf 80' lang='lat' dir='ltr'>potest</span> 
     </span>
     <span class='ocr_line' id='line_1_42' title="bbox 10 2937 1397 3026; baseline -0.006 -7"><span class='ocrx_word' id='word_1_328' title='bbox 10 2937 13 3025; x_wconf 73' lang='lat' dir='ltr'>l</span> <span class='ocrx_word' id='word_1_329' title='bbox 159 2994 207 3018; x_wconf 80' lang='lat' dir='ltr'>ex</span> <span class='ocrx_word' id='word_1_330' title='bbox 223 2982 358 3018; x_wconf 81' lang='lat' dir='ltr'>scholii</span> <span class='ocrx_word' id='word_1_331' title='bbox 378 2982 501 3018; x_wconf 75' lang='lat' dir='ltr'>initio.</span> <span class='ocrx_word' id='word_1_332' title='bbox 527 2982 648 3026; x_wconf 77' lang='lat' dir='ltr'>Igitur</span> <span class='ocrx_word' id='word_1_333' title='bbox 668 2983 728 3017; x_wconf 90' lang='lat' dir='ltr'>hic</span> <span class='ocrx_word' id='word_1_334' title='bbox 749 2982 873 3016; x_wconf 88' lang='lat' dir='ltr'>denuo</span> <span class='ocrx_word' id='word_1_335' title='bbox 895 2979 1006 3023; x_wconf 83' lang='lat' dir='ltr'>‘ergo&#39;</span> <span class='ocrx_word' id='word_1_336' title='bbox 1028 2990 1142 3022; x_wconf 83' lang='lat' dir='ltr'>prave</span> <span class='ocrx_word' id='word_1_337' title='bbox 1163 2979 1397 3021; x_wconf 78' lang='lat' dir='ltr'>usurpatum.</span> 
     </span>
    </p>

    <p class='ocr_par' dir='ltr' id='par_1_12' title="bbox 10 3023 1908 3128">
     <span class='ocr_line' id='line_1_43' title="bbox 10 3023 1907 3080; baseline -0.007 -8"><span class='ocrx_word' id='word_1_338' title='bbox 10 3043 13 3072; x_wconf 72' lang='lat'>³</span> <span class='ocrx_word' id='word_1_339' title='bbox 249 3036 274 3079; x_wconf 82' lang='lat'>³)</span> <span class='ocrx_word' id='word_1_340' title='bbox 305 3035 437 3071; x_wconf 76' lang='lat' dir='ltr'>Editor</span> <span class='ocrx_word' id='word_1_341' title='bbox 467 3036 618 3079; x_wconf 86' lang='lat' dir='ltr'>Anglus</span> <span class='ocrx_word' id='word_1_342' title='bbox 653 3033 939 3078; x_wconf 84' lang='lat' dir='ltr'>Fairclough</span> <span class='ocrx_word' id='word_1_343' title='bbox 971 3031 1114 3076; x_wconf 85' lang='lat' dir='ltr'>Mysidi</span> <span class='ocrx_word' id='word_1_344' title='bbox 1147 3031 1216 3065; x_wconf 81' lang='lat' dir='ltr'>hoe</span> <span class='ocrx_word' id='word_1_345' title='bbox 1249 3041 1363 3064; x_wconf 90' lang='lat' dir='ltr'>unum</span> <span class='ocrx_word' id='word_1_346' title='bbox 1388 3027 1539 3063; x_wconf 89' lang='lat' dir='ltr'>verbum</span> <span class='ocrx_word' id='word_1_347' title='bbox 1568 3024 1680 3063; x_wconf 82' lang='lat' dir='ltr'>dedit,</span> <span class='ocrx_word' id='word_1_348' title='bbox 1705 3023 1907 3080; x_wconf 66' lang='lat' dir='ltr'>Spengel</span> 
     </span>
     <span class='ocr_line' id='line_1_44' title="bbox 160 3073 1908 3128; baseline -0.008 -7"><span class='ocrx_word' id='word_1_349' title='bbox 160 3089 196 3121; x_wconf 77' lang='lat' dir='ltr'>et</span> <span class='ocrx_word' id='word_1_350' title='bbox 232 3086 458 3123; x_wconf 79' lang='lat' dir='ltr'>Driatzko</span> <span class='ocrx_word' id='word_1_351' title='bbox 496 3087 612 3128; x_wconf 78' lang='lat' dir='ltr'>Davo,</span> <span class='ocrx_word' id='word_1_352' title='bbox 646 3087 712 3123; x_wconf 88' lang='lat' dir='ltr'>sed</span> <span class='ocrx_word' id='word_1_353' title='bbox 746 3087 923 3122; x_wconf 78' lang='lat' dir='ltr'>differunt</span> <span class='ocrx_word' id='word_1_354' title='bbox 957 3083 1283 3128; x_wconf 77' lang='lat' dir='ltr'>interpunctione;</span> <span class='ocrx_word' id='word_1_355' title='bbox 1316 3081 1395 3116; x_wconf 83' lang='lat' dir='ltr'>ilie:</span> <span class='ocrx_word' id='word_1_356' title='bbox 1433 3077 1647 3116; x_wconf 79' lang='lat' dir='ltr'>‘maledicis,</span> <span class='ocrx_word' id='word_1_357' title='bbox 1678 3075 1826 3110; x_wconf 80' lang='lat' dir='ltr'>undest.</span> <span class='ocrx_word' id='word_1_358' title='bbox 1851 3073 1908 3108; x_wconf 83' lang='lat' dir='ltr'>dic</span> 
     </span>
    </p>
   </div>
  </div>
 </body>
</html>
