2242 3443
0 3131 4 3194 ἓ

0 3195 3 3253 Ι

0 3256 5 3391 l

0 3412 5 3443 Ι

170 339 248 376 299

169 493 244 529 331

169 796 242 832 347

170 1098 244 1136 521

171 1327 248 1364 598

170 1478 245 1514 601

172 1780 247 1817 720

170 2010 247 2046 955

171 2386 247 2423 286

920 223 1175 251 PRAEFATIO.
1872 227 1917 254 Xl

316 335 340 373 2
383 337 426 374 et
460 336 499 374 3.
532 335 659 375 Prius
692 336 978 376 manifestum
1012 340 1080 377 est
1114 341 1371 387 excerptum
1406 348 1428 377 e
1460 339 1653 387 longiore
1688 340 1726 387 3,
1761 341 1802 379 in
1835 351 1919 388 quo

317 410 426 450 nihil
458 411 742 451 desideratur.

319 489 339 526 1
383 488 427 526 et
458 487 496 526 3.
531 487 711 525 Initium
744 487 864 526 tertii
896 488 1007 526 satis
1039 489 1198 528 misere
1231 490 1372 528 reddit
1403 490 1574 528 initium
1609 491 1760 537 primi;
1795 492 1917 530 inter-

316 562 516 612 pretatio,
561 572 673 610 quae
715 562 889 601 additur
929 573 1004 611 per
1039 562 1152 612 ‘vel’‚
1186 574 1300 603 nova
1333 566 1418 613 est,
1454 566 1529 603 sed
1562 576 1700 613 neque
1732 566 1774 603 in
1809 566 1921 605 hunc

317 638 462 678 locum
490 637 709 686 convenit,
739 648 819 677 nec
846 637 1056 687 probatur
1082 639 1282 687 exemplo
1311 639 1527 689 Plautino,
1553 640 1624 678 ubi
1653 641 1767 688 ‘quid
1785 643 1922 680 meret

316 714 562 754 machaera'
580 712 818 762 significat:
837 714 938 762 quid
954 714 1063 753 lucri
1080 715 1212 754 habes
1226 725 1279 753 ex
1293 712 1682 766 machaera(sensu
1695 717 1920 761 obsceno)?

317 792 337 829 1
387 792 431 829 et
477 790 516 828 2.
559 789 741 828 Initium
783 790 964 828 secundi
1006 790 1147 829 denuo
1189 792 1443 839 excerptum
1478 793 1545 829 est
1576 791 1684 830 satis
1715 802 1921 831 mancum

315 877 370 905 ex
415 866 569 915 primo,
617 875 698 904 nec
738 875 892 904 verum
937 866 981 904 in
1024 876 1087 914 eo,
1131 866 1244 914 quod
1288 866 1416 905 dicit:
1450 867 1574 914 quasi
1607 867 1712 906 illud
1748 867 1922 906 ‘interii'

317 942 523 981 falsum
556 941 636 989 sit;
669 941 824 981 itidem
858 941 996 981 altera
1028 952 1131 990 pars
1166 942 1241 982 ‘ita
1274 943 1532 992 Pamphilus
1565 944 1682 982 cett.’
1716 946 1922 992 excerpta

318 1019 387 1057 est
417 1028 473 1057 ex
504 1017 670 1065 reliquo
702 1017 858 1066 primo.

317 1095 342 1133 3
385 1094 428 1133 et
469 1094 509 1132 4.
554 1092 710 1132 Credat
749 1093 966 1142 quispiam
1009 1094 1230 1142 posterius
1262 1096 1490 1143 sumptum
1524 1104 1620 1133 esse
1655 1105 1676 1133 e
1709 1095 1920 1144 longiore,

317 1170 430 1218 quod
456 1169 695 1218 praecedit,
723 1170 769 1208 at
800 1179 886 1208 non
913 1170 977 1209 sic
1004 1171 1089 1218 est,
1119 1170 1281 1209 etenim
1315 1172 1341 1208 4
1369 1170 1500 1209 aliam
1534 1171 1922 1219 grammaticorum

316 1246 562 1285 doctrinam
595 1243 835 1294 profitetur,
869 1245 921 1284 de
948 1255 1032 1293 qua
1059 1246 1156 1284 vide
1184 1246 1512 1285 adnotationem
1531 1246 1583 1285 ad
1600 1247 1713 1285 hunc
1731 1256 1920 1285 versum.

317 1323 342 1360 3
375 1323 417 1361 et
448 1322 487 1361 6.
521 1321 718 1360 Tertium
749 1321 793 1360 in
826 1319 911 1360 fine
944 1331 998 1360 ex
1031 1323 1056 1361 6
1083 1321 1343 1361 festinanter
1369 1323 1624 1370 excerptum
1635 1333 1644 1369 ;
1673 1331 1772 1360 cum
1798 1322 1921 1360 initio

313 1407 519 1446 compara
552 1397 575 1435 7
610 1396 654 1435 in
686 1395 784 1435 fine.

321 1474 356 1522 1,
389 1477 467 1513 602
503 1475 540 1511 1.
584 1473 633 1511 In
675 1472 818 1522 priore
850 1471 1016 1511 scholio
1048 1472 1266 1521 particula
1298 1471 1426 1522 ‘ergo’
1460 1472 1574 1518 (vide
1605 1483 1710 1512 mox
1743 1473 1838 1511 adn.
1871 1472 1923 1510 ad

317 1549 417 1593 286)
459 1558 546 1587 non
587 1547 721 1587 habet
761 1558 845 1595 quo
889 1548 1116 1596 respiciat;
1151 1549 1194 1587 in
1227 1548 1377 1597 altero,
1412 1549 1522 1597 quod
1555 1549 1774 1588 sincerum
1809 1548 1919 1587 vide-

315 1626 400 1673 tur,
443 1623 641 1663 Donatus
682 1634 757 1672 pro
800 1623 891 1662 stili
933 1623 1146 1663 brevitate
1188 1634 1273 1663 non
1305 1625 1470 1663 addidit
1503 1623 1593 1663 ‘cur
1624 1623 1922 1673 proficiscatur

312 1701 356 1738 in
388 1700 653 1749 pistrinum’,
684 1702 833 1748 utpote
863 1710 1241 1748 supervacaneum
1270 1703 1369 1749 post
1394 1700 1503 1739 Davi
1532 1700 1665 1739 verba
1691 1700 1733 1739 in
1762 1710 1801 1738 v.
1821 1701 1918 1738 600.

314 1777 340 1814 4
374 1777 418 1815 et
450 1777 489 1815 5.
521 1775 582 1815 De
614 1774 935 1824 significatione
968 1776 1283 1825 particularum
1319 1775 1416 1814 ‘hic’
1451 1778 1494 1814 et
1526 1775 1664 1814 ‘illic':
1699 1777 1724 1814 4
1751 1785 1850 1814 vere
1879 1777 1920 1813 et

317 1852 555 1900 perspicue,
591 1853 615 1890 5
649 1851 831 1891 verbose
865 1853 908 1890 et
939 1851 1168 1900 perplexe;
1203 1852 1420 1891 rationem
1453 1856 1520 1889 τοῦ
1541 1851 1687 1890 ‘enim’
1705 1861 1790 1890 non
1809 1861 1919 1890 asse·

317 1938 436 1976 quor,
470 1937 612 1966 nexus
639 1927 830 1966 causalis
857 1927 1005 1966 nullus
1031 1929 1119 1975 est;
1150 1937 1204 1966 ex
1234 1937 1317 1966 uno
1346 1929 1552 1975 excerpta
1578 1937 1674 1966 esse
1690 1928 1921 1975 nequeunt.

318 2006 341 2043 2
380 2006 423 2043 et
467 2005 505 2043 3.
549 2003 773 2042 scholium
819 2004 844 2042 3
890 2003 1086 2052 elegans,
1131 2013 1214 2051 quo
1257 2004 1405 2052 paucis
1438 2003 1584 2042 verbis
1615 2005 1659 2042 et
1689 2002 1920 2042 luculentis

316 2080 466 2119 omnia
496 2089 744 2128 monemur,
771 2089 883 2127 quae
908 2079 961 2118 ad
987 2079 1162 2128 plenam
1190 2079 1273 2118 loci
1300 2079 1647 2127 intellegentiam
1676 2078 1921 2117 necessaria

318 2157 434 2195 sunt.
461 2156 511 2194 In
539 2156 564 2194 2
593 2155 733 2194 oratio
749 2155 978 2203 inelegans
1005 2156 1050 2193 et
1066 2154 1274 2194 obscura:
1301 2154 1427 2202 ‘quia’
1448 2154 1658 2202 abundat,
1678 2164 1752 2202 pro
1773 2152 1921 2200 ‘quasi’

317 2232 497 2281 planum
529 2231 673 2270 fuerat
699 2231 843 2270 dicere
872 2231 927 2270 ‘id
955 2231 1036 2270 est’
1064 2232 1107 2270 et
1134 2231 1236 2278 quid
1266 2233 1333 2269 est
1360 2230 1455 2269 ‘hoc
1481 2231 1622 2279 ipsum
1647 2239 1729 2268 non
1749 2229 1920 2267 vacat’?

434 2308 515 2347 His
547 2308 728 2347 scholiis
760 2318 815 2346 ex
847 2309 970 2356 parte
1003 2307 1211 2355 contigua
1242 2308 1346 2345 sunt
1378 2306 1506 2345 haec:

317 2383 356 2421 2.
390 2384 429 2422 3.
464 2385 504 2422 5.
538 2383 724 2422 Medium
760 2384 784 2421 3
818 2383 1054 2423 conflatum
1090 2384 1157 2421 est
1190 2393 1245 2421 ex
1273 2383 1297 2420 2
1326 2384 1369 2420 et
1397 2383 1436 2430 5,
1466 2382 1539 2420 sed
1567 2381 1609 2419 in
1638 2380 1791 2419 multis
1808 2380 1917 2418 clau·

319 2459 447 2498 dicat.
476 2458 823 2508 ‘Compendium’
850 2459 894 2497 in
921 2459 1050 2507 longo
1077 2468 1282 2497 sermone
1299 2458 1527 2497 morientis
1545 2457 1740 2495 mulieris
1758 2456 1915 2500 (286—

319 2532 419 2585 296)
459 2535 629 2574 nullum
672 2536 762 2574 est:
801 2535 1040 2574 ‘lassitudo’
1082 2544 1167 2573 non
1201 2534 1343 2582 posita
1375 2535 1442 2572 est
1473 2533 1516 2571 in
1549 2532 1691 2579 aliquo
1723 2540 1919 2579 compen-

169 2661 244 2697 lich
279 2662 355 2698 fast
391 2661 490 2706 ganz
525 2662 688 2701 decken:
725 2674 767 2697 so
805 2661 950 2697 Andria
982 2662 1011 2696 1.
1045 2661 1077 2695 2.
1111 2660 1147 2695 21
1178 2660 1254 2696 und
1278 2660 1315 2694 23
1338 2661 1393 2703 (=
1409 2659 1498 2700 173).
1524 2659 1625 2694 Citat
1649 2658 1780 2693 deinde
1805 2656 1915 2691 etiam

171 2714 314 2749 scholia
338 2714 386 2750 ad
410 2714 486 2755 457,
510 2715 577 2750 969
602 2727 659 2759 sq.
684 2718 722 2750 et
743 2715 820 2755 476,
844 2714 890 2749 de
911 2714 1050 2759 quibus
1071 2726 1157 2748 mox
1179 2712 1400 2748 videbimus.
1424 2712 1562 2746 Contra
1583 2723 1663 2745 eum
1679 2710 1747 2744 hoc
1760 2709 1916 2753 primum

171 2766 347 2803 observo:
392 2770 462 2803 est
497 2767 697 2803 discrimen
734 2768 844 2811 (fast
878 2768 987 2811 ganz)
1024 2766 1138 2811 idque
1172 2778 1247 2801 non
1284 2766 1321 2800 in
1355 2765 1492 2800 leviore
1528 2764 1658 2798 horum
1694 2761 1916 2796 scholiorum

171 2821 286 2866 parte,
318 2820 384 2855 sed
417 2819 456 2855 in
487 2820 700 2865 praecipua,
732 2820 798 2856 ubi
825 2820 983 2855 alterum
1010 2819 1153 2859 defit-in
1180 2821 1257 2853 tum
1285 2818 1371 2852 hoc:
1397 2817 1454 2851 fac
1478 2816 1622 2851 scholia
1647 2827 1719 2849 non
1743 2814 1827 2853 fere,
1851 2814 1918 2848 sed

170 2884 324 2916 prorsus
359 2872 497 2908 similia
530 2873 668 2913 fuisse;
704 2885 793 2908 num
828 2872 915 2907 inde
948 2874 1179 2916 sequeretur.
1213 2883 1257 2906 ea
1290 2883 1311 2904 a
1336 2869 1483 2904 duobus
1508 2867 1723 2903 hominibus
1747 2868 1919 2910 excerpta

171 2937 255 2960 esse
279 2938 324 2960 ex
351 2925 425 2961 alio
451 2926 645 2970 genuino?
670 2925 775 2961 Nihil
800 2926 938 2965 minus,
962 2927 1163 2969 utrumque
1182 2923 1282 2959 enim
1304 2920 1574 2960 contineretid‚
1588 2918 1686 2963 quod
1702 2918 1918 2962 requiritur;

152 3009 155 3012 .
171 2978 235 3021 qui
249 2977 318 3013 hoc
330 2980 454 3023 neget,
468 2978 568 3014 dicat
580 2977 701 3018 nobis,
715 2978 806 3023 quid
819 2978 858 3013 in
872 2977 1015 3013 scholio
1028 2977 1093 3012 illo
1106 2976 1282 3021 primario
1295 2974 1458 3019 amplius
1471 2973 1516 3008 de
1530 2975 1705 3016 tempore,
1718 2983 1792 3014 quo
1806 2983 1918 3006 senex

172 3041 216 3064 ea
240 3031 411 3071 senserit,
435 3030 575 3066 dictum
602 3043 687 3066 esse
705 3030 891 3075 potuerit;
913 3030 958 3069 is,
977 3029 1042 3074 qui
1062 3029 1132 3064 hoc
1153 3030 1318 3067 conetur,
1338 3026 1480 3061 incidat
1492 3035 1644 3060 necesse
1658 3023 1765 3058 estin
1779 3023 1918 3059 coniec-

170 3083 274 3116 turas
297 3094 452 3126 prorsus
476 3095 593 3118 vanas
617 3085 654 3118 et
677 3082 907 3118 arbitrarius.
933 3081 1039 3116 Valet
1061 3081 1130 3116 hoc
1144 3081 1190 3116 de
1204 3079 1378 3115 omnibus
1391 3078 1451 3113 his
1465 3077 1617 3113 scholiis
1630 3076 1704 3111 fere
1717 3075 1916 3111 similibus.
