2242 3443
164 897 213 933 70

164 1064 209 1099 71

162 1687 211 1724 70

161 1779 207 1815 71

158 1871 206 1906 72

157 2267 205 2303 73

159 2686 206 2722 74

1018 217 1068 254 13

286 340 314 378 i.
342 340 368 378 i.
396 350 435 388 p.
464 341 495 378 t.
525 350 559 378 r.
591 341 644 387 p.'
674 340 799 383 (Aen.
829 340 867 376 2.
897 341 980 377 57³.
1017 342 1040 377 4
1070 350 1238 379 ABHINC
1267 352 1511 381 TRIENNIUM
1535 345 1766 385 artificiose
1784 347 1923 386 ‘trien-

286 418 422 456 nium'
465 418 596 465 dixit,
641 427 738 456 cum
782 420 931 465 posset
963 417 1062 465 plus
1095 419 1301 458 minusve
1335 421 1547 468 temporis
1579 431 1754 469 ponere,
1787 426 1834 461 ut
1865 424 1924 460 sit

285 493 525 532 verisimile
557 503 693 531 unum
728 502 891 530 annum
925 492 1064 531 fuisse
1097 495 1279 541 pudicae
1313 506 1554 543 parcaeque
1582 497 1718 545 vitae,
1747 507 1923 545 sequen-

281 570 372 607 tem
406 568 676 607 condicionis
709 569 930 616 acceptae,
965 569 1149 608 tertium
1183 572 1357 610 mortis.
1390 576 1442 615 (α)

459 643 481 677 3
510 652 684 678 mTEREA
711 652 864 677 MULIER
893 642 956 677 hic
987 643 1180 687 digressio
1205 646 1285 689 est,
1311 655 1404 680 nam
1429 645 1638 689 proposuit
1663 646 1773 689 gnati
1798 647 1921 682 vitam

402 695 543 734 dicere.
569 699 590 731 4
616 706 640 731 α
663 697 796 731 Primo
812 705 907 739 ergo
923 705 1028 732 anno
1043 697 1228 741 ignorata
1243 699 1306 734 est
1322 699 1526 743 Pamphilo
1543 700 1684 734 domus
1700 699 1920 744 Chrysidis,

404 751 578 786 secundo
607 751 669 786 est
699 749 882 794 Glycerio
910 750 1122 796 cognitus,
1149 751 1270 788 tertio
1301 752 1438 797 nupsit
1468 752 1694 797 Glycerium
1720 753 1923 798 Pamphilo

402 806 442 840 et
472 804 622 848 pariter
649 803 807 840 invenit
834 806 1035 848 parentes.

342 892 362 930 1
391 891 488 931 Huc
515 892 702 931 viciniae
730 890 961 941 ‘viciniae’,
985 890 1183 942 παρέλκον
1202 894 1287 941 est,
1306 894 1353 931 ut
1372 891 1524 932 ‘adhuc
1540 893 1746 932 locorum‘
1765 894 1918 934 (Plaut.

281 966 402 1016 Capt.
437 968 552 1007 385).

343 1060 363 1097 1
402 1070 553 1098 INOPIA
584 1070 636 1098 ET
669 1070 962 1099 coeNATORUM
994 1070 1036 1099 N.
1065 1060 1191 1099 laude
1223 1060 1445 1109 impertita
1477 1061 1571 1099 eius
1603 1061 1811 1109 moribuS,
1847 1061 1920 1108 qui

280 1145 383 1174 mox
425 1136 554 1175 ducet
594 1146 797 1182 uxorem,
838 1138 1057 1184 superest,
1102 1137 1149 1174 ut
1189 1136 1362 1174 futurae
1402 1145 1570 1184 quoque
1612 1138 1837 1175 matronae
1876 1136 1917 1174 id

279 1213 347 1249 est
378 1210 596 1260 Glycerio,
628 1211 891 1259 probitatem
925 1211 1119 1250 debitam
1152 1221 1227 1260 pro
1259 1221 1449 1260 persona
1479 1212 1652 1259 reddat;
1680 1221 1787 1259 quae
1819 1212 1920 1258 quia

279 1286 464 1325 honesta
493 1296 734 1334 numquam
762 1296 859 1325 esse
885 1287 1065 1335 poterit,
1091 1287 1128 1324 si
1145 1287 1208 1326 sic
1225 1297 1323 1325 eam
1340 1289 1513 1326 constet
1532 1288 1632 1325 ante
1650 1288 1825 1336 nuptias
1842 1288 1916 1326 im-

278 1363 431 1411 pudice
472 1363 674 1402 eductam
709 1372 823 1411 esse,
859 1361 1018 1410 partim
1052 1362 1322 1401 defendenda
1352 1363 1511 1411 partim
1540 1362 1673 1401 etiam
1705 1362 1919 1401 laudanda

280 1440 346 1477 est
386 1437 586 1487 Chrysis,
626 1448 726 1477 cum
769 1447 854 1485 qua
894 1439 1168 1476 commorata
1206 1439 1292 1486 est,
1336 1448 1467 1485 quam
1500 1438 1706 1485 quoniam
1739 1448 1916 1476 necesse

279 1516 347 1553 est
373 1514 647 1553 meretricem
675 1513 822 1563 fateri,
851 1513 895 1551 in
921 1513 1171 1552 condicione
1199 1513 1445 1561 turpissimi
1469 1513 1660 1552 nominis
1685 1514 1916 1552 mulierum

277 1590 469 1629 sumitur
500 1589 727 1629 excusatio
760 1589 1016 1628 voluntatis.

347 1683 371 1721 2
406 1683 584 1731 Legitur
615 1684 659 1721 et
694 1681 942 1721 ‘viciniam’.

338 1775 363 1813 2
396 1786 447 1813 ET
481 1785 773 1814 coGNATORUM
806 1775 875 1814 hic
907 1775 996 1814 iam
1030 1777 1158 1823 parat
1189 1785 1268 1814 nos
1301 1775 1353 1813 ad
1377 1773 1565 1814 Critonis
1598 1774 1850 1812 adventum.

346 1869 366 1907 1
390 1878 581 1908 EGREGIA
598 1869 641 1907 id
659 1870 726 1908 est
743 1868 956 1907 eminenti
974 1868 1316 1915 praestantique.
1337 1869 1361 1905 2
1380 1876 1522 1912 ATQUE
1539 1877 1708 1905 AETATE
1725 1875 1916 1903 INTEGRA

275 1943 503 1993 integra
545 1933 777 1984 aetas'est
819 1954 930 1991 quae
975 1944 1018 1982 in
1060 1944 1165 1983 flore
1209 1944 1428 1991 consistit,
1473 1943 1541 1981 cui
1582 1952 1722 1990 neque
1761 1941 1914 1980 adden-

277 2020 380 2058 dum
413 2020 503 2059 iam
531 2021 588 2058 sit
614 2030 753 2068 neque
781 2020 922 2059 adhuc
948 2020 1178 2068 quicquam
1207 2020 1264 2058 sit
1291 2019 1595 2066 imminutum,
1626 2019 1674 2056 ut
1703 2016 1914 2064 Vergilius

275 2093 459 2144 ‘integer
505 2096 603 2135 aevi
651 2096 882 2135 Ascanius’
931 2096 1053 2135 (Aen.
1105 2097 1143 2134 9.
1193 2096 1306 2137 255).
1356 2095 1380 2132 3
1425 2094 1473 2132 Et
1514 2093 1697 2132 contulit
1738 2092 1819 2130 duo
1861 2091 1913 2129 ad

278 2173 512 2218 quaestum
545 2181 738 2220 congrua
770 2171 1088 2210 meretricium.

290 2303 294 2310 ,
345 2264 365 2301 1
399 2274 443 2302 ΕΙ
474 2273 643 2302 VEREOR
674 2273 729 2302 ΝΕ
764 2273 867 2308 Qun>
899 2273 1071 2302 ANDRIA
1102 2272 1324 2301 APPORTET
1356 2271 1466 2299 MALI
1495 2260 1682 2298 ‘Andria’
1711 2259 1832 2297 mire.
1859 2260 1912 2304 (α)

278 2339 302 2376 2
344 2349 400 2377 NE
443 2348 545 2384 QUID
590 2349 762 2378 ANDRIA
799 2339 1022 2387 eleganter
1058 2337 1125 2376 ‘ex
1157 2338 1318 2376 Andro’
1350 2335 1664 2384 <‘Andria’>
1696 2333 1910 2372 ‘Andriae’

276 2414 330 2453 (V.
364 2414 433 2456 85)
462 2425 620 2454 nomen
654 2414 848 2453 ostendit
881 2414 1081 2452 mulieris
1113 2415 1156 2452 et
1187 2412 1373 2461 fabulae,

452 2489 470 2523 1
512 2499 535 2524 a
568 2489 720 2524 audivit
749 2488 856 2524 enim
884 2488 1110 2524 excessisse
1135 2497 1186 2522 ex
1215 2486 1378 2531 ephebis
1405 2484 1655 2529 Pamphilum
1683 2483 1910 2525 illatamque

394 2551 484 2578 esse
507 2543 756 2578 mentionem
781 2541 958 2578 mulieris
983 2541 1234 2585 peregrinae,
1260 2539 1588 2576 adulescentulae
1610 2537 1806 2581 pulchrae.
1823 2536 1844 2571 3
1863 2536 1909 2570 Et

393 2596 494 2632 bene
523 2596 745 2641 ‘apportet’,
775 2596 866 2639 quia
895 2596 1107 2639 portare
1128 2592 1153 2636 ¹)
1182 2594 1334 2638 ignotis
1364 2595 1439 2629 est.

346 2684 365 2721 1
397 2693 567 2722 PniMuM
594 2694 710 2722 HAEC
738 2693 893 2722 pumen
921 2693 960 2720 v.
987 2682 1200 2730 defendit,
1230 2683 1278 2719 ut
1305 2681 1498 2719 diximus
1526 2679 1592 2718 (ad
1610 2688 1649 2716 v.
1670 2678 1751 2724 70),
1771 2675 1906 2713 vitam

271 2757 517 2808 Chrysidis,
561 2761 610 2798 ut
650 2759 842 2808 potuerit
886 2758 998 2807 apud
1029 2767 1128 2796 eam
1161 2758 1277 2795 recte
1310 2756 1482 2794 morata
1514 2763 1608 2792 esse
1641 2750 1904 2798 Glycerium,

273 2844 383 2881 quae
426 2845 481 2873 ex
522 2836 781 2883 argumento
822 2835 1025 2872 matrona
1067 2832 1162 2871 erit.
1206 2832 1230 2870 3
1273 2840 1463 2869 nummi}
1504 2830 1653 2867 contra
1694 2825 1904 2863 rationem

271 2909 468 2958 regulae:
518 2909 650 2949 ‘dure’
699 2910 751 2948 ab
799 2920 848 2948 eo
890 2908 1002 2956 quod
1045 2909 1113 2946 est
1151 2907 1316 2945 durus
1357 2905 1497 2944 dicere
1539 2901 1697 2941 debuit.
1740 2899 1903 2937 Tamen

202 3077 225 3119 l)
251 3077 402 3112 Wessn.
427 3079 585 3112 correxst
609 3077 741 3112 merito
766 3080 799 3111 ‘a
808 3088 831 3120 p
841 3088 865 3120 p
875 3087 896 3109 ο
907 3088 924 3109 r
934 3077 948 3110 t
957 3087 979 3109 a
989 3087 1006 3109 ι·
1014 3074 1056 3109 e'.
