2242 3443
315 794 391 830 325

313 946 389 982 326

314 1192 388 1228 327

315 1487 392 1523 328

313 1780 387 1816 327

314 1949 390 1985 328

310 2270 387 2306 329

309 2517 386 2552 330

1175 265 1230 303 46

461 388 503 425 in
536 387 726 426 decimo:
757 387 839 436 ‘ne,
870 388 1028 437 Marce,
1058 388 1217 427 bovem
1245 389 1455 438 descripsi
1485 388 1716 437 magnifice
1745 389 1915 438 inquit’.
1943 390 2082 435 (Marx

465 474 504 501 v.
539 463 654 508 388).

607 537 629 573 3
668 540 822 574 Sensus
851 541 934 576 est:
967 539 1029 574 hic
1057 549 1137 575 non
1176 540 1213 575 id
1242 542 1351 576 amat
1381 541 1485 584 quod
1515 549 1629 584 amo,
1658 549 1732 576 nec
1759 540 1795 575 id
1824 539 1913 576 odio
1941 540 2083 588 habet,

553 594 657 635 quod
696 593 771 629 odi.
811 594 846 629 5.
886 594 905 612 ”⁹
945 603 1126 630 SPONSAM
1164 603 1204 629 H.
1244 605 1278 630 Τ.
1309 605 1347 630 Α.
1377 594 1515 630 callide
1544 595 1585 629 et
1615 594 1834 638 ‘sponsam'
1864 596 1905 630 et
1933 594 2082 642 ‘amat'‚

554 646 628 683 hoc
665 649 749 682 est:
789 656 918 691 neque
957 648 1086 684 adhuc
1123 658 1225 684 uxor
1263 650 1333 685 tua
1371 650 1435 684 est
1461 658 1591 692 neque
1620 648 1765 692 aliquid
1807 648 1986 696 admisit,
2016 651 2083 694 qui

558 702 667 737 amat
697 703 872 737 tantum.

515 799 579 828 ΑΗ
622 800 846 828 PAMPfflLE
883 789 1115 829 artificiose
1142 790 1374 829 Terentius
1402 799 1634 839 personam
1665 790 1882 838 expressit
1908 791 2086 841 nuptias

460 868 741 905 recusantem
775 869 818 905 et
850 865 891 904 τὸ
923 864 1077 916 πρέπον
1112 867 1268 915 virgini
1286 867 1543 905 reservavit.

517 943 537 980 1
582 953 704 987 QUAM
737 952 909 980 VELLEM
941 943 1090 990 utique
1123 942 1377 991 ‘vitiatam',
1412 944 1461 981 ut
1493 944 1611 981 esset
1638 952 1772 981 causa
1798 943 2082 983 recusandae.

462 1018 486 1055 2
535 1029 652 1058 NUNC
693 1029 741 1057 SE
785 1029 867 1057 PER
907 1029 1145 1058 AMicrmAM
1188 1029 1318 1058 suam
1363 1020 1407 1058 et
1449 1019 1663 1068 Pamphili
1703 1019 1825 1058 dicit.
1860 1019 1885 1057 3
1918 1029 1970 1058 ET
2001 1028 2084 1058 PER

461 1104 646 1133 AMOREM
679 1105 864 1134 OBSEcRo
898 1095 985 1144 ‘per
1019 1096 1228 1134 amorem’
1262 1105 1392 1134 suum
1424 1096 1602 1134 tantum
1635 1095 1748 1134 circa
1779 1094 2014 1144 virginem.

518 1189 538 1226 1
584 1197 802 1227 PRINCIPIO
844 1199 900 1226 UT
938 1199 994 1227 NE
1027 1199 1167 1228 DUCAs
1199 1188 1418 1227 sufficeret
1450 1188 1615 1226 dixisse
1651 1187 1718 1227 ‘ne
1751 1187 1914 1227 ducas’.
1947 1188 1972 1227 4
2005 1198 2085 1227 SED

461 1273 500 1302 SI
531 1274 576 1301 Π)
609 1274 695 1302 NON
730 1275 888 1304 POTEST
922 1265 1003 1304 hoc
1036 1265 1089 1303 ad
1122 1266 1292 1314 patrem
1327 1263 1512 1304 rettulit.

608 1341 629 1375 2
659 1349 766 1375 DABo
791 1349 970 1380 EQUIDEM
995 1349 1155 1375 OPERAM
1181 1339 1270 1384 plus
1296 1339 1480 1384 promisit
1506 1348 1627 1383 quam
1652 1338 1716 1375 ille
1741 1338 1936 1384 poposcit.
1961 1338 1984 1375 3
2009 1348 2083 1375 SED

554 1403 590 1429 SI
618 1403 659 1429 ID
684 1403 765 1430 NON
792 1404 940 1430 Pom-EST
971 1394 1084 1430 deest
1115 1393 1238 1429 ‘fieri’.

511 1483 530 1520 1
565 1493 654 1521 AUT
682 1493 771 1521 TIBI
789 1493 980 1521 NUP'rrAE
998 1493 1043 1521 H.
1063 1493 1096 1521 s.
1118 1493 1152 1521 o.
1173 1483 1253 1521 hoc
1272 1482 1321 1521 ad
1344 1481 1623 1530 Pamphilum
1643 1481 1836 1530 pertinet
1851 1481 1919 1526 (cf.
1937 1481 2022 1521 327
2041 1483 2082 1527 4)

463 1568 550 1598 non
583 1559 701 1598 enim
734 1569 871 1598 unum
906 1561 949 1598 et
981 1559 1097 1597 idem
1131 1561 1198 1597 est
1229 1561 1298 1603 (a).
1333 1558 1357 1596 3
1391 1558 1531 1596 Acute
1562 1553 1752 1606 <³⁶³⁶³⁶>
1777 1554 1818 1602 ¹).

609 1634 627 1668 1
669 1643 694 1669 α
729 1642 824 1668 nam
855 1633 889 1668 si
916 1633 1021 1668 idem
1050 1634 1178 1678 esset,
1210 1631 1294 1668 ‘tibi
1321 1631 1486 1676 nuptiae
1514 1631 1590 1667 hae
1620 1633 1717 1668 sunt
1745 1630 1865 1668 cordi’
1895 1640 2083 1677 superva-

555 1697 676 1724 cuum
705 1689 817 1723 esset
845 1687 1039 1723 additum.
1071 1688 1092 1722 2
1124 1696 1241 1723 coam
1268 1686 1417 1722 animo.

516 1777 539 1814 5
573 1785 688 1814 DABo
715 1786 753 1814 E.
782 1786 819 1814 o.
840 1775 1197 1824 pronuntiatione
1214 1774 1451 1813 levandum
1471 1775 1561 1812 est:
1581 1772 1679 1822 plus
1697 1775 1813 1813 enim
1832 1773 1945 1813 dixit
1963 1773 2086 1813 ‘dabo

459 1853 668 1901 operam',
701 1862 833 1900 quam
868 1856 907 1890 si
939 1852 1103 1891 diceret
1136 1851 1237 1890 ‘non
1271 1852 1444 1889 ducam.

511 1946 536 1983 4
585 1954 756 1983 SALTEM
797 1955 984 1990 ALIQUOT
1023 1954 1120 1983 mEs
1152 1955 1189 1982 P.
1225 1954 1264 1982 D.
1299 1954 1337 1982 P.
1371 1954 1415 1982 A.
1448 1954 1490 1982 N.
1525 1954 1565 1981 v.
1599 1944 1740 1991 primo
1773 1952 1884 1991 quae
1916 1942 2084 1981 maiora

458 2023 563 2060 sunt
595 2021 726 2071 petit,
761 2024 984 2070 postremo
1017 2031 1126 2069 quae
1160 2031 1215 2059 ex
1242 2021 1310 2059 his
1338 2020 1544 2059 videntur
1571 2019 1780 2068 minima,
1810 2020 1855 2057 et
1881 2019 1962 2057 hoc
1988 2019 2082 2057 arte

458 2098 506 2136 ut
534 2096 692 2136 ‘incute
721 2097 812 2136 vim
841 2093 1015 2147 ventis',
1043 2097 1097 2136 ad
1124 2099 1422 2146 postremum:
1454 2095 1544 2135 ‘aut
1570 2105 1650 2144 age
1673 2095 1873 2134 diversos
1890 2096 1935 2134 et
1950 2094 2083 2134 disice

461 2184 497 2214 c.
530 2175 585 2222 p.'
621 2174 743 2218 (Aen.
787 2174 822 2212 1.
859 2174 944 2219 69).

516 2267 535 2304 1
575 2275 740 2304 PROFER
776 2266 968 2315 prolata,
1003 2252 1185 2315 produc,
1219 2265 1358 2304 differ.
1394 2265 1418 2303 2
1453 2274 1545 2303 DUM
1578 2273 1854 2303 PE0F101sooR
1885 2274 1929 2303 A.
1963 2273 2006 2302 N.
2039 2273 2080 2302 v.

458 2340 634 2389 ‘aliquo’
679 2342 811 2391 dixit,
857 2344 904 2381 ut
948 2342 1158 2381 exsilium
1203 2344 1321 2381 esset
1364 2341 1596 2379 incertum.
1625 2340 1665 2379 ·3
1707 2351 1816 2379 AUDI
1848 2350 1966 2379 mmo
1998 2349 2081 2378 IAM

457 2420 670 2467 correptio
704 2420 772 2457 est
804 2418 1101 2468 impatientis,
1135 2419 1207 2466 qui
1240 2428 1327 2457 non
1359 2418 1480 2456 sinat
1510 2416 1720 2464 <non>
1750 2416 1900 2455 audire
1921 2412 1966 2461 ²).

513 2514 531 2550 1
567 2521 648 2550 Eeo
680 2521 875 2550 CHARmE
907 2512 1173 2560 sententiae,
1208 2520 1316 2558 quae
1349 2507 1681 2559 pronominibus
1706 2508 1939 2557 incipiunt,
1968 2507 2083 2547 seria

457 2597 632 2636 semper
673 2589 716 2626 et
758 2598 860 2626 vera
902 2587 1192 2636 promittunt:
1238 2586 1458 2634 Vergilius
1503 2584 1588 2624 ‘me
1626 2586 1779 2623 natam
1812 2593 1853 2623 n.
1887 2594 1928 2624 v.
1955 2594 1992 2623 S.
2025 2579 2082 2633 p.’

457 2663 581 2708 (Aen.
628 2663 695 2702 12.
741 2663 825 2708 27).
868 2665 891 2701 2
934 2673 1016 2702 Eoo
1059 2673 1255 2701 cHARINE
1291 2671 1548 2706 NEUTIQUAM
1581 2670 1786 2699 OFFICIUM
1817 2645 1977 2699 sensus
2008 2659 2082 2699 hic

459 2741 546 2778 est:
606 2749 691 2777 non
749 2740 873 2788 puto,
931 2739 1095 2788 inquit,
1155 2739 1342 2777 liberum
1403 2737 1650 2783 hominem,
1700 2735 1773 2784 qui
1820 2745 1920 2774 cum
1968 2735 2085 2774 nihil

453 2816 668 2864 praestet,
711 2814 858 2853 deberi
890 2814 973 2853 sibi
1005 2815 1197 2863 gratiam
1234 2815 1400 2863 poscat.
1438 2812 1549 2860 Ergo
1582 2822 1682 2851 cum
1715 2812 1825 2851 nihil
1857 2811 1936 2850 tibi
1960 2821 2079 2861 prae-

457 2891 590 2939 stem,
624 2889 723 2928 nolo
757 2890 865 2928 mihi
893 2890 1061 2938 gratias
1093 2900 1222 2939 agas:
1251 2899 1339 2928 non
1362 2888 1480 2928 enim
1502 2888 1567 2927 tui
1595 2897 1731 2927 causa
1757 2887 1895 2937 fugio,
1925 2897 2078 2937 quam,

454 2967 710 3015 priusquam
745 2975 813 3004 me
846 2967 1039 3015 peteres,
1073 2966 1217 3014 magis
1249 2964 1452 3004 nolebam
1485 2963 1660 3013 ducere,
1695 2973 1828 3012 quam
1863 2965 1910 3002 tu
1941 2963 2079 3012 cupis.

350 3097 374 3139 ¹)
401 3095 455 3131 Cf.
481 3108 578 3141 quae
602 3095 793 3140 supplevit
815 3093 984 3128 Rabbow
1009 3093 1047 3128 in
1075 3106 1107 3127 v.
1131 3093 1154 3127 l.
1179 3092 1331 3127 Wessn.

355 3150 379 3192 ²)
404 3149 549 3184 Inserui
569 3148 678 3188 ‘non’‚
702 3160 786 3182 nam
813 3146 1042 3191 ‘impatiens’
1065 3148 1124 3180 est
1151 3145 1385 3190 Pamphilus,
1412 3146 1453 3178 cf.
1477 3144 1555 3183 399,
1577 3144 1611 3178 5.
