2242 3443
99 596 174 632 812

99 742 174 779 813

98 1242 173 1279 814

102 1773 176 1810 815

102 2077 175 2114 816

933 184 1017 222 209

421 307 434 340 l
474 316 499 341 α
527 305 547 327 *
578 306 707 350 primo
737 306 836 342 dixit
867 306 1014 342 ‘onmia
1044 307 1154 351 prius
1183 308 1370 352 experiri’
1400 313 1451 351 (v.
1484 310 1586 354 789),
1617 313 1709 355 post
1739 313 1854 348 ‘idem

364 360 437 395 hoc
466 362 507 395 tu
539 360 615 404 ais,
647 359 807 396 Thais?'
837 363 888 402 (v.
919 361 1024 404 810),
1050 363 1255 404 postremo
1282 363 1384 406 ‘quid
1411 373 1516 399 nunc
1540 365 1697 408 agimus
1710 364 1741 400 ’θ’
1768 367 1789 401 2
1815 374 1855 402 et

363 414 468 457 ‘quid
498 414 658 457 agimus
688 413 898 450 consilium
928 416 1161 457 quaerentis
1192 417 1273 458 est,
1305 416 1409 460 ‘quid
1442 427 1547 452 nunc
1576 419 1747 461 agimus’
1775 420 1838 455 lan

362 467 471 511 guidi
500 470 618 511 atque
647 467 819 503 defessi’.
851 469 872 503 5
903 467 990 503 Non
1022 467 1240 504 ‘abeamus’
1270 469 1400 513 inquit
1430 472 1499 506 sed
1533 473 1781 518 ‘redeamus',
1810 476 1855 509 ut

359 521 496 557 irritos
525 523 695 557 conatus
727 522 845 557 verbo
877 522 1122 557 ostenderet.

297 602 455 631 ennom
487 603 543 631 ex
576 595 696 640 parte
730 593 964 641 consentit,
986 593 1058 641 qui
1090 593 1154 632 sic
1185 595 1437 643 interrogat.

418 667 439 701 2
469 676 614 702 CREDIN
646 667 855 702 credere
885 666 1105 702 dubitantis
1136 669 1215 710 est,
1260 669 1453 704 certum
1483 679 1592 705 esse
1622 670 1794 707 fidentis,

302 739 321 775 1
367 748 541 776 NOLUNT
575 748 649 776 UBI
682 737 867 785 <VEL1s
899 737 1035 785 UBI>
1068 748 1192 776 NOLIS
1226 749 1412 777 CUPmNT
1446 750 1584 779 ULTRO
1617 741 1713 789 plus
1745 742 1854 781 intu-

242 812 293 850 lit
336 813 428 861 spei
476 823 561 851 non
604 814 850 852 revocando
897 813 1077 852 verbum
1121 815 1232 861 quod
1278 816 1637 865 exspectabatur,
1676 818 1757 856 hoc
1790 820 1857 856 est

246 888 438 937 ‘volunt’,
483 889 560 927 sed
604 889 824 937 ‘cupiunt’.
869 889 893 927 3
935 899 1047 927 BENE
1089 900 1229 928 PUTAs
1263 891 1345 929 hoc
1378 892 1445 929 est
1477 894 1630 931 recte
1667 895 1853 941 putas:

244 964 399 1013 sapis
442 964 511 1003 vel
553 965 870 1014 intellegis,
916 965 1135 1013 Vergilius
1181 965 1336 1005 ‘multa
1376 968 1535 1016 putans
1578 978 1613 1007 s.
1648 979 1685 1008 a.
1721 980 1779 1009 m.
1812 970 1854 1009 i.’

244 1041 370 1094 (Aen.
404 1041 444 1080 6.
478 1041 592 1082 332).

417 1115 438 1149 2
468 1114 573 1158 Ergo
602 1114 792 1150 variavit:
823 1124 902 1150 non
933 1115 1038 1150 enim
1068 1115 1204 1152 intulit
1234 1115 1388 1152 ‘volunt
1418 1115 1550 1153 ultro’‚
1580 1118 1603 1152 4
1632 1118 1705 1154 Vel
1730 1119 1858 1154 coni—

361 1169 446 1205 cis.
477 1169 499 1204 5
530 1168 602 1204 Vel
630 1178 758 1205 PUTAs
789 1169 1080 1213 disputasss
1110 1169 1181 1205 Vel
1211 1179 1341 1206 PUTAs
1371 1171 1589 1214 cogitas.

297 1241 315 1277 1
351 1249 432 1277 IAM
463 1250 639 1278 D1M1T'ro
666 1251 703 1279 E.
732 1240 953 1278 dimitti
982 1240 1202 1279 exercitus
1230 1241 1388 1280 dicitur
1416 1242 1486 1280 vel
1512 1252 1617 1290 pace
1644 1243 1761 1282 facta
1787 1243 1855 1282 vel

247 1316 414 1354 vexatis
446 1316 665 1354 hostibus:
700 1315 886 1354 ridicula
912 1326 1013 1364 ergo
1041 1315 1369 1364 magnificentia
1397 1318 1611 1357 dictorum
1640 1320 1725 1367 est,
1756 1329 1853 1358 cum

244 1390 334 1429 sint
363 1391 481 1430 facta
513 1391 738 1431 deformia.
773 1392 797 1430 2
832 1401 979 1431 SANGA
1012 1403 1081 1430 ITA
1117 1402 1173 1431 UT
1206 1403 1323 1431 CETT.
1357 1393 1467 1432 mire
1500 1395 1543 1432 in
1577 1404 1747 1443 cocum,
1783 1396 1856 1443 qui

241 1466 388 1505 focum
421 1469 544 1506 curat
574 1467 617 1506 in
645 1468 793 1516 domo,
823 1468 924 1515 quia
952 1468 1116 1507 milites
1144 1469 1187 1506 hi
1214 1469 1384 1508 fortiter
1411 1473 1625 1519 pugnant,
1655 1471 1726 1519 qui
1753 1473 1857 1510 sunt

245 1552 466 1582 memores
513 1543 767 1591 domorum;
816 1546 840 1582 5
883 1554 985 1592 ergo
1029 1544 1126 1583 vide
1169 1554 1301 1592 quarn
1344 1547 1580 1594 utrumque
1614 1547 1853 1595 comicum,

244 1619 297 1657 ad
338 1619 576 1658 ineundum
619 1619 832 1668 proelium
876 1630 1033 1668 resque
1075 1619 1255 1659 bellicas
1297 1619 1449 1659 Donax
1492 1622 1660 1669 primus
1700 1625 1769 1661 est
1800 1625 1854 1663 (v.

245 1695 357 1743 774),
394 1696 446 1734 ad
472 1705 542 1734 res
574 1696 839 1734 domesticas
872 1696 1034 1744 Sanga,
1070 1696 1143 1744 qui
1175 1707 1305 1735 cocus
1335 1698 1414 1736 est.

303 1772 322 1809 1
367 1781 473 1810 nom
508 1780 690 1817 FOCIQUE
721 1783 758 1810 F.
793 1782 833 1810 V.
865 1782 907 1810 U.
942 1782 985 1810 M.
1023 1772 1154 1810 ‘domi
1188 1772 1370 1820 focique'
1403 1772 1624 1821 <quia>
1659 1774 1854 1813 vicissim

245 1846 363 1885 domi
404 1847 599 1886 vicissim
641 1847 725 1886 foci
759 1848 1056 1886 ministerium
1091 1848 1345 1896 satagebam
1382 1850 1404 1886 2
1439 1851 1481 1887 et
1517 1849 1661 1888 ‘domi’
1695 1852 1855 1898 geneti-

244 1931 326 1960 vus
368 1924 456 1961 est:
500 1922 713 1962 Caecilius
750 1923 920 1962 ‘decora
953 1923 1084 1962 domi’
1118 1923 1182 1963 (fr.
1219 1925 1272 1962 34
1306 1923 1446 1968 Ribb.)
1479 1925 1659 1964 Plautus
1694 1925 1852 1973 ‘quam-

242 2008 372 2045 quam
405 1999 523 2038 domi.
556 2000 680 2047 cupio
712 1999 908 2048 opperiar
939 2000 1102 2038 tamen'
1134 1999 1265 2039 (Trin.
1299 2010 1338 2039 v.
1374 2000 1487 2041 842).

300 2075 319 2113 1
355 2086 436 2113 IAM
469 2085 623 2114 DUDUM
655 2085 824 2114 ANIMUs
850 2085 925 2113 EST
954 2085 999 2113 IN
1026 2086 1201 2113 PATINIS
1229 2076 1297 2114 hic
1321 2076 1488 2124 aperuit
1507 2086 1686 2115 causam
1704 2079 1850 2125 poeta,

243 2160 318 2189 cur
350 2152 395 2189 et
426 2151 593 2190 invitus
624 2151 794 2190 Gnatho
828 2151 911 2189 iret
943 2151 995 2189 ad
1028 2151 1151 2189 litem
1185 2153 1228 2189 et
1261 2151 1400 2190 libens
1429 2147 1607 2190 domum
1637 2153 1796 2191 redeat.
1827 2154 1851 2190 2

244 2236 376 2266 FRUGI
417 2237 466 2265 ns
499 2226 639 2274 ‘frugi’
674 2226 796 2265 utilis
829 2237 880 2265 ac
910 2226 1204 2275 necessariUS,
1240 2237 1265 2265 a
1291 2226 1565 2275 frugibus,
1599 2237 1709 2275 quae
1740 2228 1852 2276 quod

244 2302 314 2341 his
354 2302 624 2352 fruamur,
669 2303 731 2341 ita
771 2302 913 2341 dictae
955 2303 1082 2348 sunt;
1123 2308 1178 2350 (a)
1232 2302 1256 2340 3
1289 2302 1401 2341 frui
1435 2304 1580 2341 autem
1617 2305 1683 2341 est
1716 2303 1850 2352 vesci,

245 2388 270 2416 a
309 2378 566 2427 frumine,
611 2389 719 2427 quae
762 2380 831 2417 est
872 2388 1049 2417 summa
1090 2388 1192 2426 pars
1232 2377 1384 2426 gulae;
1427 2387 1560 2426 quare
1602 2379 1734 2417 etiam
1766 2379 1852 2427 his,

243 2463 353 2501 quae
394 2454 487 2493 cibo
530 2454 768 2503 poculoque
809 2463 895 2493 non
937 2455 1063 2501 sunt,
1107 2454 1191 2492 frui
1234 2453 1391 2492 dicitur
1431 2458 1762 2503 καταχρηστικῶς,
1806 2455 1853 2491 ut

244 2529 373 2568 rebus
402 2530 591 2569 veneriis
623 2532 666 2569 et
699 2529 986 2569 delectatione
1020 2529 1180 2577 odoris,
1215 2529 1357 2578 visus,
1392 2529 1580 2567 auditus.

416 2605 437 2639 2
469 2615 491 2639 a
521 2605 627 2640 unde
653 2603 856 2640 fructus
886 2604 925 2639 et
953 2603 1281 2638 frumentum.

170 3112 325 3150 Karsten,
342 3115 429 3143 Com.
448 3115 530 3145 Don.
1672 3111 1704 3136 14

20 3356 31 3443 5—aeae-
