2242 3443
332 318 409 355 836

333 542 406 577 837

334 764 410 800 838

337 994 414 1029 839

343 1421 420 1458 840

347 2022 420 2058 841

347 2375 370 2411 8
377 2374 423 2410 42

349 2450 424 2486 843

352 2673 429 2710 844

351 2750 427 2786 845

1171 187 1255 226 212

542 318 555 352 1
606 325 706 353 mea
749 324 1055 354 coMPssEHst
1100 324 1312 359 QUANTUM
1356 323 1510 352 porsss‘r
1544 323 1619 361 pro
1654 311 2026 361 ‘comprehende':
2060 311 2101 351 τὸ
2162 308 2163 314 ’

484 391 582 430 iube
616 392 730 429 enim
764 390 913 429 velis
946 388 1181 438 significat.

657 465 678 500 2
710 465 757 500 Et
785 474 979 506 QUANTUM
1009 474 1155 500 Pornsr
1186 466 1299 500 deest
1327 464 1444 499 ‘cit0'.

536 538 558 575 2
601 547 703 582 Qum
747 548 902 575 mons
949 546 1087 575 Βοῦλις
1134 536 1358 575 moraliter
1406 536 1625 584 expressit
1675 535 1846 584 puellae
1884 535 2104 583 stupentis

484 613 615 651 verba
647 615 691 652 et
722 623 805 652 non
841 612 1044 652 habentis
1077 613 1178 660 quid
1213 612 1475 661 respondeat
1508 612 1558 650 ad
1593 621 1663 660 ea,
1697 621 1806 659 quae
1840 611 1956 650 dicta
1988 614 2102 652 sunt.

659 689 674 723 1
709 698 803 730 Qum
833 697 921 723 nmo
950 696 1148 722 moranus
1181 686 1499 730 ‘comprehenso’
1531 686 1784 721 subauditur.

534 770 633 798 vina
676 770 827 799 AMABo
870 770 908 798 st
953 769 1039 798 NON
1083 769 1198 798 carr.
1238 760 1344 797 mire
1379 759 1430 796 ab
1465 768 1533 806 eo,
1570 759 1679 806 quod
1715 758 1980 807 respondere
2013 768 2102 797 coe·

486 837 625 884 perat,
671 835 724 874 ad
765 835 880 874 aliud
921 835 1083 874 transit
1130 836 1290 874 mirata
1334 833 1643 873 confidentiam
1689 834 1926 873 Chaereae:
1968 835 2006 873 is
2039 836 2106 873 est

487 922 541 950 an
575 921 661 950 non
695 912 795 950 est?

538 999 627 1027 TUM
669 998 784 1034 QUAE
828 1000 924 1028 EIUS
958 999 991 1027 c.
1026 999 1064 1028 Ε.
1101 999 1184 1027 non
1214 990 1281 1027 est
1314 988 1566 1036 impudens,
1604 988 1764 1036 inquit,
1800 997 1885 1026 non
1921 990 1990 1027 est
2022 987 2105 1028 nisi

485 1064 646 1103 similis
686 1065 955 1114 impudenti;
999 1067 1062 1104 sic
1104 1065 1205 1103 alibi
1241 1065 1420 1104 ‘veritas
1458 1066 1575 1103 inest
1608 1065 1652 1103 in
1690 1064 1815 1103 vultu
1851 1074 1889 1103 a.
1923 1065 1950 1103 i.
1986 1075 2027 1103 v.
2061 1060 2106 1104 f.'
2170 1063 2175 1066 ’

490 1141 587 1185 (An.
622 1142 738 1186 857).

1234 1262 1272 1300 2.

548 1417 567 1453 1
611 1424 730 1453 APUD
770 1423 1059 1453 ANTOEHONEM
1104 1425 1140 1451 v.
1187 1424 1231 1452 M.
1274 1424 1326 1452 ΕΤ
1368 1424 1406 1452 P.
1451 1414 1624 1453 rediens
1660 1413 1704 1452 in
1741 1413 1946 1452 viciniam
1982 1423 2108 1452 suam

492 1501 650 1530 causas
698 1490 839 1529 reddit
885 1489 1097 1537 Chaerea,
1148 1501 1223 1528 cur
1268 1500 1354 1528 non
1396 1490 1638 1528 mutaverit
1680 1492 1874 1537 vestem;
1919 1489 2110 1538 oportuit

492 1569 638 1605 autem
675 1566 808 1604 etiam
842 1564 1037 1604 Chaerea
1058 1561 1085 1610 1)
1118 1565 1369 1613 argumenti
1411 1565 1496 1604 fuit
1537 1575 1622 1604 non
1666 1567 1883 1613 mutasse,
1929 1567 1979 1604 ut
2008 1574 2106 1605 eum

494 1643 660 1681 videret
692 1642 903 1680 meretrix
936 1652 1034 1680 cum
1069 1642 1184 1688 turpi
1212 1642 1365 1680 habitu
1392 1642 1670 1680 incedentem
1699 1644 1748 1680 ut
1780 1651 1903 1680 reum
1931 1641 2111 1681 vitiatae

495 1719 688 1767 virginis.
724 1718 748 1756 2
783 1728 900 1756 APUD
928 1729 970 1756 A.
1000 1728 1038 1755 v.
1069 1728 1112 1756 M.
1140 1728 1177 1756 E.
1208 1728 1245 1758 P.
1277 1717 1526 1766 ¹<apud>
1554 1718 1867 1765 Antiphonem’
1897 1717 2009 1756 dixit
2035 1726 2110 1766 pro

494 1794 673 1844 ⁴<in>
712 1795 841 1834 domo
884 1795 1006 1834 eius’.
1051 1796 1076 1832 3
1119 1794 1311 1842 Uterque
1355 1798 1496 1833 mater
1529 1798 1570 1833 et
1604 1798 1727 1843 pater
1759 1805 1844 1834 non
1872 1796 2110 1842 uterque

496 1875 655 1920 pater
683 1874 727 1909 et
758 1872 986 1919 utraque
1019 1873 1218 1919 mater,
1253 1870 1328 1909 sed
1361 1873 1597 1919 uterque
1630 1865 1844 1919 parens.

669 1946 691 1981 3
723 1956 747 1980 α
776 1946 868 1990 quia
897 1946 1041 1981 ‘mater
1071 1947 1111 1980 et
1142 1944 1283 1990 pater'.

554 2019 572 2055 1
618 2028 747 2062 QUAsi
784 2028 942 2056 nemu
976 2028 1012 2056 ο.
1048 2028 1087 2056 D.
1122 2028 1159 2056 Ε.
1194 2027 1279 2056 non
1313 2019 1405 2055 tam
1439 2017 1602 2055 mirum
1634 2017 1672 2055 si
1706 2017 1824 2056 domi
1858 2019 2000 2066 erant,
2035 2015 2110 2055 sed

497 2093 600 2132 illud
634 2094 777 2142 magis
810 2095 992 2142 mirum,
1026 2093 1139 2141 quod
1172 2094 1214 2131 in
1248 2103 1300 2132 ea
1331 2094 1490 2132 domus
1523 2095 1662 2142 parte,
1698 2103 1783 2141 qua
1815 2093 1859 2132 in
1891 2093 2022 2132 aedes
2053 2092 2111 2130 in·

497 2170 758 2209 troeundum
793 2172 887 2209 erat
919 2169 1262 2209 adulescentulo.

671 2245 692 2279 2
737 2254 788 2279 UT
817 2254 948 2280 NULLo
983 2254 1091 2280 mono
1121 2254 1314 2280 INTROIRE
1343 2253 1495 2279 Possum
1525 2244 1712 2288 superius
1737 2252 1860 2280 causa
1883 2244 2114 2279 continetur

617 2307 686 2333 cur
717 2308 794 2334 non
825 2301 1044 2334 mutaverit
1072 2301 1244 2344 vestem,
1275 2298 1441 2334 inferius
1472 2300 1628 2344 autern,
1658 2307 1727 2334 cur
1755 2298 1833 2334 huc
1861 2297 2033 2334 redierit.

549 2379 654 2415 Qum
686 2370 814 2409 modo
847 2370 1095 2418 quominus.

556 2448 567 2482 l
605 2456 698 2484 DUM
730 2456 843 2484 ANTE
871 2457 1032 2484 os‘ritm
1061 2456 1095 2485 s.
1125 2446 1391 2494 Antiphonis
1420 2445 1602 2485 scilicet.
1623 2446 1648 2484 2
1667 2456 1806 2484 Romus
1824 2456 1924 2484 mm
1943 2453 2112 2490 QmDAM

498 2532 666 2560 oeviAM
702 2532 828 2560 veum:
863 2523 954 2569 qui
988 2532 1067 2561 me
1101 2522 1288 2570 possit
1322 2531 1630 2570 agnoscere
1661 2520 1735 2573 (a).

672 2596 693 2631 2
723 2606 746 2631 α
777 2595 839 2631 vel
868 2596 956 2640 qui
984 2605 1057 2632 me
1088 2595 1313 2637 noverit,
1343 2595 1382 2631 id
1411 2596 1474 2631 est
1503 2595 1671 2632 amicus.

552 2678 765 2714 QUANTUM
797 2677 908 2712 Qnsso
941 2667 1063 2706 deest
1098 2667 1352 2707 ‘velociter'.

552 2754 597 2782 m
632 2753 916 2782 ANGIPORTUM
948 2753 1160 2788 QUODDAM
1186 2743 1284 2782 vide
1316 2753 1401 2781 non
1435 2742 1559 2782 illum
1590 2743 1756 2782 vitasse
1783 2743 1862 2782 sub
1890 2753 1978 2782 una
2002 2742 2111 2782 clau-

500 2820 599 2859 sula
639 2821 703 2858 bis
747 2820 816 2858 ‘in’
861 2820 1025 2858 dicere:
1071 2819 1127 2858 ‘in
1162 2819 1307 2868 pedes’
1342 2819 1398 2857 ‘in
1431 2819 1742 2867 angiportum’.
1772 2820 1796 2857 2
1829 2804 2114 2858 Autumnum

500 2897 563 2935 sic
595 2896 796 2934 dicebant
829 2895 974 2934 vicum
1006 2905 1090 2934 non
1124 2895 1324 2944 pervium
1360 2895 1431 2934 via
1462 2895 1648 2944 publica.

402 3066 424 3108 ¹)
451 3065 569 3100 Locus
597 3067 805 3112 corruptus.
837 3063 986 3098 Wessn.
1011 3064 1173 3098 correxit
1199 3065 1247 3098 ‘et
1272 3063 1347 3098 iam
1375 3076 1394 3098 e
1419 3063 1479 3099 re'.
1505 3063 1601 3099 Vide
1625 3065 1712 3100 adn.
1737 3065 1783 3100 ad
1809 3065 1845 3100 h.
1871 3077 1903 3100 v.
