2242 3443
331 535 408 570 916

330 610 404 646 917

327 761 404 797 919

333 2252 410 2290 923

331 2403 409 2441 924

335 2557 412 2594 925

1184 185 1265 223 106

481 307 645 357 notior,
689 309 841 346 contra
876 317 1006 355 quem
1039 307 1235 348 maxime
1268 310 1473 358 venerat,
1507 310 1638 357 atque
1676 308 1728 347 ab
1762 318 1811 348 eo
1844 307 2103 348 defendatur

481 383 641 432 magis,
678 385 726 422 ut
758 393 828 422 res
860 384 1061 432 progredi
1093 383 1146 423 ad
1179 385 1510 434 catastropham
1543 385 1696 434 possit.

656 458 672 493 1
704 467 784 492 NON
813 467 1044 494 ΑΒΒΙΤΒΕΒΕ
1075 458 1111 493 id
1141 459 1206 494 est
1235 468 1318 495 non
1344 459 1565 495 arbitreris.

532 539 578 568 IN
611 539 718 568 1PS1s
751 539 925 568 NUPTHS
959 530 1001 568 in
1035 530 1129 579 ipso
1163 530 1347 570 articulo
1380 531 1647 580 nuptiarum.

530 616 585 644 UT
628 615 814 644 versiam·
857 615 1066 645 ANTEHAC
1108 616 1244 652 NUMQ.
1290 607 1548 656 plerumque
1588 616 1717 646 casus
1749 606 1951 646 imitatur
1982 606 2100 646 indu-

476 682 633 720 striam
673 684 717 720 et
759 682 860 721 hinc
902 692 1033 732 saepe
1070 681 1144 729 fit,
1178 685 1228 721 ut
1259 683 1395 722 etiam
1429 683 1581 722 sedulo
1613 683 1732 722 facta
1763 666 1970 732 suspecta
1999 683 2102 722 sint.

532 758 552 795 1
583 767 874 796 SYCOPHANTA
904 758 984 797 hoc
1012 760 1081 797 est
1107 759 1221 807 quod
1246 760 1429 798 minime
1457 760 1541 798 dici
1568 759 1651 798 sibi
1679 759 1821 798 voluit
1841 758 1978 810 Crito,
1997 768 2101 798 nam

481 833 543 872 ita
569 833 742 873 locutus
767 836 836 872 est
853 833 1103 874 ‘clamitent
1120 845 1192 874 me
1210 836 1530 884 sycophantam
1551 836 1822 875 hereditates
1839 835 1894 884 p.'
1912 837 1967 877 (v.
1987 835 2101 885 815),

480 909 505 947 2
538 920 631 948 HEM
650 905 927 959 ‘principium
961 911 1226 950 iracundiae.
1261 909 1315 955 (a)
1350 912 1374 951 3
1409 922 1472 950 sm
1506 921 1628 952 cmro
1660 922 1736 951 Esr
1764 922 1838 951 mc
1869 922 2002 950 ΜῙΤΤΕ
2032 911 2102 950 hic

480 984 690 1025 Chremes
721 987 916 1026 traducit
948 987 1074 1026 illum
1109 988 1161 1026 ab
1193 988 1420 1027 iracundia
1453 988 1633 1027 dicendo
1665 989 1726 1027 sic
1759 997 1858 1027 eum
1887 997 1996 1027 esse.
2022 987 2104 1026 Me-

479 1063 644 1102 nander
687 1062 824 1110 ‘ofitcog
857 1062 977 1110 αὐτὸς
1009 1062 1152 1112 ἐστιυ’;
1188 1067 1214 1103 4
1247 1067 1290 1104 et
1324 1067 1459 1114 recte,
1494 1065 1597 1113 quia
1627 1066 1814 1104 naturae
1846 1063 2102 1113 ignoscitur,

481 1138 698 1179 voluntati
730 1151 831 1180 non.

601 1267 608 1285 ι
654 1214 676 1249 2
705 1225 730 1251 α
758 1215 911 1252 audivit
939 1216 1045 1253 enim
1070 1217 1174 1260 quod
1199 1217 1376 1253 maxime
1400 1216 1573 1263 vitabat,
1599 1226 1694 1253 nam
1720 1216 1776 1253 ait
1800 1225 1924 1262 supra
1943 1218 1990 1259 (s.
2007 1215 2099 1259 814)

614 1278 644 1304 c.
675 1278 727 1304 m.
760 1271 806 1306 s.’

531 1349 570 1378 SI
604 1350 706 1378 mm
738 1351 893 1380 PERGIT
927 1352 1042 1387 QUAE
1075 1352 1183 1381 vom*
1216 1352 1370 1381 nicam:
1402 1343 1597 1391 graviter
1631 1345 1675 1381 et
1705 1343 1892 1382 mature.

539 1418 557 1454 1
602 1426 683 1455 neo
727 1428 879 1457 IsrAsc
912 1429 1056 1457 Movso
1090 1429 1177 1457 AUT
1211 1429 1322 1459 cuno
1356 1420 1426 1457 est
1458 1419 1577 1458 enim
1611 1419 1911 1468 sycophantae
1937 1419 2100 1468 pertur-

482 1492 584 1531 bare
623 1502 718 1532 rem
762 1493 923 1533 bonam
968 1496 1012 1533 et
1053 1504 1206 1534 curare
1248 1495 1436 1543 malam;
1470 1494 1554 1533 hoc
1596 1505 1698 1543 ergo
1731 1495 1835 1534 dicit
1867 1505 1968 1534 cum
2000 1493 2101 1534 ὑπο-

478 1567 629 1619 κρίσειε
672 1581 751 1618 ego
795 1570 902 1609 haec
924 1566 950 1611 ¹)
992 1571 1121 1610 turbo
1164 1573 1240 1610 aut
1283 1572 1444 1621 cogito,
1488 1571 1862 1620 quemadmodum
1893 1573 1942 1611 tu
1972 1570 2100 1622 dicis,

483 1644 634 1684 Simo?
662 1646 686 1683 2
717 1656 804 1685 NON
830 1657 887 1685 TU
915 1657 1037 1686 eruum
1065 1658 1111 1686 M.
1139 1657 1238 1693 AEQ.
1267 1658 1311 1687 A.
1340 1658 1378 1686 F.
1408 1646 1593 1686 ‘malum
1619 1644 1746 1687 feres'
1776 1657 1862 1687 non
1889 1647 2099 1698 filium,

480 1721 557 1759 sed
599 1731 844 1761 amorem
888 1723 941 1761 in
977 1723 1106 1763 filio
1140 1722 1378 1772 significat.
1414 1729 1468 1769 (α)
1502 1725 1526 1763 3
1561 1724 1615 1762 Et
1645 1733 1826 1774 quaere,
1861 1733 1916 1763 an
1949 1733 2102 1763 conve-

480 1797 606 1836 niant
636 1798 744 1837 haec
766 1799 901 1838 verba
926 1810 1003 1848 pro
1026 1799 1255 1849 Pamphilo
1281 1800 1501 1839 venienti:
1520 1800 1657 1840 immo
1674 1800 1793 1840 enim
1813 1800 2104 1848 conveniunt;

479 1883 583 1912 nam
616 1876 780 1922 quanto
816 1875 958 1923 magis
992 1875 1247 1915 dissimulat
1279 1876 1499 1926 favorem,
1534 1878 1659 1916 tanto
1692 1876 1791 1925 plus
1823 1872 2020 1925 ‘acquirit
2049 1875 2102 1915 ad

480 1959 550 1998 ea,
587 1960 699 1998 quae
731 1949 939 1999 loquitur.

709 2025 731 2060 2
761 2035 786 2060 a
816 2034 868 2060 an
898 2025 992 2069 quia
1020 2025 1149 2062 iratus
1180 2027 1273 2062 est?

531 2106 612 2134 IAM
655 2097 766 2135 sc1R1
808 2107 964 2136 Porns'r
1013 2097 1182 2137 addidit
1224 2099 1267 2137 et
1310 2099 1524 2147 temporis
1556 2098 1830 2138 celeritatem
1865 2100 1909 2138 et
1939 2108 2104 2148 magna

482 2172 739 2212 maturitate
773 2173 902 2212 dixit.

533 2258 718 2286 Ati-meus
750 2258 922 2294 QUIDAM
954 2259 996 2288 N.
1030 2260 1069 2291 F.
1102 2250 1211 2289 haec
1244 2260 1348 2299 pars
1374 2251 1626 2299 argumenti
1649 2251 1735 2300 est,
1764 2260 1876 2299 quae
1902 2253 1946 2290 et
1971 2260 2104 2300 supra

481 2324 572 2362 iam
605 2324 723 2363 dicta
755 2326 825 2363 est
857 2328 912 2370 (v.
948 2326 1062 2371 221).

528 2409 664 2439 FORTE
702 2410 920 2439 ADPLicAr
965 2400 1182 2450 ‘adplicat’
1217 2402 1388 2451 proprie
1421 2402 1472 2441 de
1506 2402 1717 2451 naufrago
1749 2402 1794 2441 in
1825 2401 1933 2442 litus
1965 2402 2101 2442 eiecto

484 2476 615 2524 atque
649 2476 810 2524 egenti.

537 2553 561 2590 2
595 2562 807 2591 FABULAM
839 2562 1053 2592 INGEPTAT
1085 2556 1161 2592 aut
1187 2553 1237 2592 ad
1270 2553 1541 2593 comoediam
1558 2553 1730 2593 rettulit
1746 2552 1985 2604 ‘fabulam’,
2002 2553 2105 2602 quia

481 2627 674 2666 fabula
707 2628 932 2667 comoedia
963 2631 1032 2667 est
1066 2631 1110 2668 et
1142 2630 1245 2678 quia
1277 2631 1589 2678 argumentum
1617 2630 1742 2678 quasi
1775 2628 1977 2669 ‘fabulae’
2008 2639 2101 2669 nar·

478 2704 620 2752 ratur,
665 2705 742 2742 aut
782 2706 898 2743 certe
941 2705 993 2743 ad
1027 2705 1278 2744 irrisionem
1312 2705 1580 2744 narrationis
1612 2705 1741 2754 dicit;
1769 2705 1933 2745 etenim
1967 2704 2101 2744 ‘olim'

480 2778 654 2818 fabulae
686 2779 910 2828 proprium
944 2782 1029 2829 est,
1066 2782 1116 2820 ut
1144 2781 1354 2820 Horatius
1389 2779 1509 2820 ‘olim
1541 2781 1736 2820 rusticus
1767 2781 1984 2821 urbanum
2009 2790 2103 2820 mu·

482 2865 576 2894 rem
608 2865 708 2894 mus
741 2865 932 2904 paupere
964 2857 1103 2895 fertur
1136 2857 1358 2906 accepisse
1393 2867 1517 2907 cavo,
1551 2858 1748 2896 veterem
1782 2859 1910 2897 vetus
1941 2857 2103 2906 hospes

485 2931 694 2970 amicum'
729 2931 884 2972 (Serm.
920 2932 959 2971 2.
994 2933 1035 2972 6.
1069 2933 1124 2972 79
1157 2937 1281 2981 sqq.).

382 3075 406 3119 ¹)
432 3074 560 3109 ‘Haec'
584 3074 663 3109 scil.
690 3086 787 3118 quae
813 3074 916 3111 Simo
943 3075 977 3110 ei
1002 3075 1243 3122 exprobravit
1266 3076 1354 3112 inde
1377 3088 1411 3112 a.
1436 3088 1468 3111 v.
1491 3077 1568 3112 908.
