2242 3443
345 641 421 676 584

345 1452 421 1487 585

347 2138 422 2173 586

347 2291 419 2326 587

343 2435 419 2470 586

344 2587 420 2623 588

1198 234 1279 273 180

496 360 578 396 tur'
599 369 674 407 pro
694 359 717 397 d
732 370 757 398 u
772 370 814 397 m
840 370 977 408 appa
995 371 1013 398 r
1028 371 1049 398 e
1063 362 1115 398 tu
1130 371 1148 398 r
1171 361 1213 399 et
1237 360 1385 399 ‘sedet’
1405 370 1480 408 pro
1499 361 1587 399 sed
1602 371 1623 399 e
1639 361 1662 399 b
1677 362 1744 400 at.
1765 362 1789 399 2
1811 372 1939 401 vinco
1959 373 2002 400 m
2023 373 2116 402 con-

492 446 617 472 ctAvi
648 447 779 474 saum*
806 437 1015 474 conclave
1043 439 1110 475 est
1138 438 1378 485 separatior
1401 437 1520 475 locus
1540 437 1581 474 in
1605 436 1887 477 interioribus
1904 439 2046 478 tectis,
2065 441 2117 485 (a)

667 510 687 546 3
724 521 748 545 α
778 511 850 546 Vel
879 513 982 555 quod
1013 511 1121 547 intra
1151 521 1243 548 oum
1275 512 1403 548 multa
1431 512 1516 547 loca
1546 512 1725 548 clausa
1755 512 1837 548 sint
1867 513 1912 548 ut
1940 512 2120 550 cubicula

612 565 872 601 adhaerentia
902 567 1086 602 triclinio.

550 638 569 674 1
616 647 889 676 RESPECTANS
922 649 1133 678 TABULAM
1167 648 1383 683 QUANDAM
1416 649 1578 676 PICTAM
1609 637 1717 676 bene
1751 637 1920 676 accedit
1943 640 2119 687 repente

492 714 658 760 pictura
691 713 742 752 ad
777 714 1060 753 hortamenta
1093 714 1412 763 aggrediendae
1447 714 1650 763 virginis,
1686 714 1782 752 ideo
1814 714 1917 762 quia
1948 723 2035 754 non
2066 715 2119 754 ad

492 789 571 827 hoc
615 791 796 828 venerat
839 789 1050 839 Chaerea,
1085 793 1133 829 ut
1165 791 1372 829 continuo
1407 791 1584 829 vitiaret
1615 789 1826 839 puellam,
1860 790 1936 829 sed
1970 793 2020 829 ut
2051 791 2116 830 vi·

493 865 673 915 deret,
708 866 933 905 audiret
968 868 1237 915 essetque
1271 878 1377 906 una
1420 870 1474 912 (V.
1510 868 1623 916 571),
1658 876 1756 905 cum
1791 867 1899 905 nihil
1927 866 2117 916 amplius

494 942 686 990 cogitare
728 952 863 981 ausus
904 943 1058 993 fuerit,
1102 953 1240 991 usque
1280 944 1384 982 dum
1427 943 1644 992 picturam
1679 944 1892 982 cerneret.
1926 943 1950 981 2
1983 953 2117 983 ῙονΕΜ

492 1028 574 1063 Quo
623 1028 758 1057 moro
805 1018 918 1057 mira
961 1019 1173 1069 inventio,
1219 1029 1303 1067 qua
1346 1019 1453 1058 haec
1496 1020 1667 1066 pictura
1713 1018 1922 1058 tribuitur
1967 1019 2117 1058 domui

493 1095 741 1133 meretricis
773 1095 986 1134 adversus
1019 1096 1215 1134 omnium
1250 1096 1509 1144 pudicitiam
1543 1105 1732 1134 morum.
1765 1097 1819 1143 (α)
1853 1096 1878 1134 3
1912 1106 2047 1135 rovEM
2078 1105 2101 1142 Q

494 1181 531 1209 P.
575 1181 758 1209 DANAAE
801 1181 967 1212 Mis1ssi⁴3
1007 1182 1146 1210 AIUNT
1190 1172 1297 1211 bene
1343 1168 1496 1210 ‘aiunt’
1531 1173 1574 1210 et
1601 1171 1704 1219 quia
1735 1167 1910 1212 fabulae
1942 1173 1986 1211 et
2016 1172 2117 1220 quia

496 1249 586 1286 tam
621 1248 763 1296 turpis
794 1248 888 1286 Iovi
915 1258 1047 1296 quam
1081 1250 1184 1297 apta
1216 1249 1453 1288 meretrici.

667 1323 688 1357 2
718 1332 742 1357 a
770 1324 911 1358 contra
938 1323 1227 1367 parsimoniam
1257 1324 1412 1366 autem,
1437 1324 1576 1359 contra
1602 1323 1853 1369 dignitatem,
1879 1324 2021 1360 contra
2044 1332 2113 1368 pu-

612 1375 799 1412 dicitiam.

550 1449 568 1485 1
605 1457 687 1492 Quo
721 1458 855 1486 PAcro
888 1459 1070 1487 DANAAE
1104 1459 1269 1487 Misrssn
1303 1459 1439 1488 amm
1473 1458 1684 1494 QuoNnAM
1718 1459 1827 1497 quae
1858 1449 2000 1498 aptior
2030 1449 2112 1498 pic-

494 1525 593 1562 tura
625 1524 773 1562 domui
801 1525 1047 1563 meretricis
1076 1525 1129 1564 ad
1157 1528 1406 1564 amatorum
1434 1525 1662 1565 illecebras
1688 1536 1820 1574 quam
1847 1526 1973 1575 haec,
2002 1535 2112 1574 quae

494 1600 748 1648 exemplum
790 1601 986 1640 continet
1028 1603 1193 1641 amoris
1225 1604 1266 1641 et
1298 1603 1462 1641 amoris
1494 1602 1665 1651 puellae
1696 1604 1739 1641 et
1770 1603 1935 1641 amoris
1966 1602 2019 1641 ad
2050 1602 2110 1642 Io·

494 1686 592 1715 vem
627 1676 888 1724 pertinentis
920 1679 963 1716 et
995 1678 1159 1716 amoris
1192 1688 1278 1717 non
1310 1679 1493 1727 gratuiti
1524 1689 1603 1718 nec
1634 1688 1768 1726 parvo
1801 1679 2011 1728 propositi
2040 1679 2114 1718 sed

495 1762 598 1790 auro
638 1753 682 1790 in
730 1754 946 1801 gremium
990 1754 1152 1793 fluente
1187 1755 1388 1794 venalis?
1422 1755 1531 1794 Tum
1565 1756 1677 1803 quod
1709 1756 1753 1793 in
1786 1755 2003 1803 gremium
2035 1754 2113 1794 Da·

493 1837 602 1867 naae
633 1829 726 1877 ipse
759 1830 807 1867 ut
838 1830 1090 1878 splendidus
1124 1830 1264 1869 imber
1296 1830 1510 1881 illabitur,
1534 1842 1677 1870 nonne
1704 1832 1877 1887 videtur
1903 1831 2112 1870 meretrix

489 1905 640 1943 docere
681 1905 1034 1945 adulescentulos
1065 1906 1187 1945 illam
1221 1908 1413 1956 corporis
1445 1909 1615 1956 partem
1648 1909 1826 1946 auctore
1858 1907 1962 1946 Iove
1994 1907 2115 1946 velut

493 1982 741 2020 inauratam
771 1981 940 2020 fuisse?
969 1982 992 2020 2
1021 1992 1189 2020 ΙΜΒΒΕΜ
1216 1993 1401 2021 AUREUM
1429 1993 1513 2022 non
1542 1993 1683 2022 rorem
1716 1983 1783 2022 vel
1811 1982 2011 2032 pluvium
2038 1981 2112 2022 sed

497 2056 720 2096 ‘imbrem’.
745 2057 994 2096 addiderat:
1029 2068 1052 2096 o
1085 2058 1322 2097 avaritiam
1355 2059 1622 2098 meretricis!

551 2134 569 2171 1
591 2143 759 2171 EGOMET
779 2143 947 2178 QUOQUE
966 2144 1008 2171 ID
1023 2144 1240 2173 SPECTARE
1258 2145 1379 2173 compr
1398 2135 1534 2174 moris
1552 2137 1620 2174 est
1639 2135 1690 2174 ad
1704 2135 1746 2174 id
1757 2134 1907 2175 oculos
1922 2136 2111 2184 vertere,

494 2209 608 2257 quod
639 2209 842 2248 videmus
873 2220 974 2248 eum
1007 2220 1135 2257 quem
1169 2211 1411 2260 aspicimus
1443 2212 1620 2251 intueri.

548 2285 573 2323 2
607 2296 816 2324 memmio
849 2286 891 2324 id
925 2287 993 2325 est
1025 2286 1168 2334 magis
1199 2287 1444 2335 magisque.

664 2361 680 2395 1
713 2370 784 2396 IAM
815 2370 908 2396 oram
938 2370 1026 2396 mm:
1055 2371 1196 2396 LUDUM
1226 2362 1326 2398 bene
1356 2371 1436 2398 non
1466 2357 1623 2398 ‘scelus'
1654 2363 1725 2398 sed
1753 2362 1917 2398 ‘ludum'
1949 2361 2060 2400 dixit.

545 2432 569 2470 2
606 2442 801 2470 LUSERAT
835 2443 917 2471 IAM
950 2443 1052 2471 oL1M
1086 2443 1182 2471 rnna
1215 2433 1490 2482 <LUDUM>
1522 2435 1569 2472 ut
1604 2434 1752 2484 ‘hunc‚
1787 2444 1880 2484 oro,
1914 2434 2010 2473 sine
2041 2442 2110 2472 me

491 2507 634 2547 furere
667 2510 768 2546 ante
801 2508 1009 2547 furorem’
1046 2506 1170 2552 (Aen.
1208 2510 1274 2548 12.
1312 2510 1434 2550 680);
1468 2508 1609 2558 figura
1641 2508 1869 2561 ἀρχαῐσμός.

550 2585 568 2621 1
605 2594 725 2622 DEUM
758 2594 806 2622 sa
839 2593 883 2621 m
917 2594 1122 2623 ΗΟΜΙΝΕΜ
1156 2595 1442 2624 CONVERTISSE
1475 2587 1748 2634 φιλοσοφικῶς
1781 2586 2013 2625 Terentius
2043 2585 2109 2624 de-

486 2660 770 2708 monstravit,
806 2670 938 2707 quam
972 2659 1140 2699 cladem
1174 2661 1372 2700 moribus
1404 2661 1635 2701 hominum
1663 2664 1706 2701 et
1733 2645 1986 2702 civitatibus
2010 2661 2108 2700 affe·
2204 2656 2232 2715 Ι,

493 2737 591 2774 rant
631 2734 844 2783 figmenta
881 2737 1127 2784 poetarum,
1173 2746 1272 2775 cum
1316 2737 1520 2786 exempla
1551 2738 1770 2777 scelerum
1803 2738 1988 2778 afferant
2017 2747 2105 2786 pec·
2202 2738 2204 2779 Ι

493 2811 671 2850 caturis.
702 2811 726 2849 3
755 2821 875 2849 DEUM
903 2821 937 2849 s.
971 2822 998 2849 1.
1029 2821 1073 2850 Η.
1101 2822 1136 2850 c.
1166 2813 1314 2851 utrum
1337 2813 1438 2860 quia
1463 2813 1626 2862 Iupiter
1653 2815 1848 2854 humana
1873 2816 2015 2854 forma
2040 2823 2106 2852 au·

491 2897 590 2926 rum
623 2887 858 2926 infundens
891 2887 1033 2936 pictus
1067 2890 1161 2926 erat
1192 2888 1236 2927 in
1269 2889 1440 2938 tabula,
1472 2900 1558 2929 non
1591 2901 1667 2939 pro
1700 2891 1802 2930 Iove
1833 2891 2022 2930 aurum?
2053 2898 2106 2928 an
2196 2881 2224 2939 J!

490 2962 547 3002 ‘in
566 2963 806 3002 hominem’
828 2963 870 3001 id
889 2965 955 3002 est
973 2963 1016 3002 in
1037 2964 1230 3002 hominis
1249 2965 1481 3004 audaciam
1501 2967 1630 3014 atque
1648 2966 1842 3015 flagitia?
1858 2968 1884 3005 4
1902 2976 2045 3012 ATQUE
2061 2973 2107 3002 ΙΝ
2194 2975 2242 3008 ι’

490 3049 680 3077 ALIENAS
720 3048 916 3076 TEGULAS
961 3039 1119 3077 Acrisii
1163 3039 1354 3090 scilicet,
1399 3042 1423 3079 5
1468 3042 1511 3080 et
1552 3043 1724 3090 tegulas
1767 3043 1947 3082 tectum.
1990 3042 2016 3080 6
2059 3038 2106 3078 Et
2192 3034 2238 3140 J

491 3115 604 3152 satis
636 3114 801 3152 comico
835 3115 1085 3153 charactere
1118 3115 1290 3154 locutus
1321 3118 1390 3155 est
1421 3119 1463 3156 et
1494 3127 1644 3166 presso
1677 3118 1792 3158 stilo.
2166 3122 2196 3164 l·
