2242 3443
313 182 485 209 nacYRA
1155 171 1238 208 214

312 301 384 336 867

313 677 388 711 868

312 979 389 1014 873

315 1132 391 1168 875

316 1363 389 1398 877

318 1515 396 1550 878

321 2402 398 2437 880

524 298 539 334 l
588 307 724 334 onam
770 307 911 335 OMNES
944 307 1018 335 0131
1052 305 1312 335 Rnsmscmvr
1347 295 1388 333 in
1422 294 1506 334 fine
1540 296 1655 334 enim
1691 296 1941 336 comoediae
1973 295 2080 335 nihil

459 373 660 420 cuiquam
691 372 821 410 celari
851 373 976 411 solet.
1008 374 1031 410 2
1049 383 1123 411 fflc
1141 381 1248 417 Quos
1265 381 1353 410 PAR
1368 381 1540 410 FUERAT
1561 371 1658 411 ‘hic'
1678 372 1721 410 in
1740 373 1822 411 hac
1838 371 2078 413 comoedia.

460 451 482 486 «1
534 448 869 488 Resciscere
919 452 985 487 est
1030 458 1341 496 recognoscere
1385 450 1428 486 et
1472 447 1545 486 vix
1592 448 1806 496 invenire,
1839 448 1953 496 quod
1986 447 2082 496 quis

459 525 679 564 nescierit.

633 599 656 636 3
687 601 769 635 An:
802 600 839 635 in
873 599 949 636 hac
977 601 1048 635 re?

523 673 540 710 1
577 682 717 717 NEQUE
752 681 1006 710 naseiscrmzr
1039 681 1182 717 NEQUE:
1214 681 1363 711 somni·
1391 672 1639 710 resciscunt
1666 671 1718 710 ad
1746 681 1855 718 quos
1882 671 2084 720 pertinet.

464 749 488 786 3
537 748 590 787 Et
637 748 1014 787 resciscimus
1069 758 1124 786 ex
1172 747 1272 796 alio,
1322 747 1532 786 scimus
1579 747 1711 786 etiam
1762 757 1838 796 per
1884 749 2082 787 nostram

462 825 775 874 opinationem.

635 899 659 935 2
696 899 745 935 Et
782 909 800 934 r
812 909 832 935 e
843 909 862 934 s
875 899 946 935 cis
959 908 978 934 c
990 909 1015 934 u
1027 901 1080 934 nt
1119 908 1222 942 quae
1258 899 1461 943 nesciunt,
1501 908 1519 934 s
1532 899 1574 934 ci
1586 909 1610 935 u
1624 900 1677 934 nt
1716 907 1819 943 quae
1848 897 2083 943 neglegunt.

519 982 600 1012 aaa
648 982 829 1011 mamm:
876 981 997 1011 soma
1043 981 1100 1010 nx
1146 982 1198 1011 TE
1242 970 1427 1010 ridicule
1468 971 1610 1010 instat
1651 971 1764 1010 scire
1804 971 2087 1019 ignoraturus

462 1050 690 1089 Parmeno.

523 1128 542 1166 1
578 1136 660 1165 Eoo
693 1136 813 1165 Hunc
845 1136 902 1165 AB
930 1136 1035 1165 ossco
1064 1135 1277 1164 MORTUUM
1305 1124 1438 1163 verba
1465 1126 1569 1163 sunt
1596 1124 1833 1173 cogitantis
1860 1123 1955 1172 ‘ego
1973 1123 2088 1162 hunc

464 1204 516 1243 ab
560 1214 659 1244 orco
694 1204 980 1251 mortuum'?,
1023 1203 1119 1242 ideo
1151 1205 1196 1242 et
1228 1200 1477 1248 ἐλλειπτικῶς
1509 1201 1715 1250 loquitur.
1751 1202 1776 1240 2
1808 1210 1956 1240 nnscls
1987 1210 2089 1240 PAR·

464 1290 582 1319 mano
616 1280 735 1318 addit
769 1279 977 1319 stimulos
1012 1279 1260 1318 curiositati
1294 1279 1402 1318 eius.

522 1367 632 1395 nimo
665 1366 774 1395 vario
808 1366 899 1395 scro
931 1365 1075 1401 NEQUE
1108 1365 1359 1394 mpaomms
1385 1365 1480 1394 FEc1
1507 1357 1649 1394 recte:
1679 1355 1792 1404 perit
1816 1354 1936 1393 enim
1963 1353 2087 1392 bene·

463 1431 549 1471 ficii
582 1433 806 1480 meritum,
841 1433 877 1470 si
911 1432 964 1470 ab
997 1432 1276 1480 imprudente
1310 1432 1569 1480 praestitum
1604 1431 1820 1469 videatur.

527 1511 545 1547 1
591 1518 653 1548 AN
694 1518 864 1547 TEMERE
897 1517 1123 1553 QUICQUAM
1156 1517 1462 1548 PARMENONEM
1494 1517 1778 1546 PRAETEREAT
1812 1507 1924 1555 quod
1959 1507 2089 1545 inter-

463 1586 566 1624 dum
603 1587 720 1632 [non]
755 1588 921 1624 temere
955 1586 1217 1637 praetereat,
1250 1585 1361 1632 quod
1391 1584 1524 1623 habet
1550 1584 1737 1623 faciendi
1765 1584 2090 1623 necessitatem.

467 1663 491 1700 2
537 1671 706 1701 ΤΕΜΕΒΕ
739 1671 965 1707 QUICQUAM
997 1671 1203 1700 PARMENO
1236 1661 1318 1699 sibi
1352 1661 1436 1709 ipsi
1470 1661 1551 1699 hoc
1583 1660 1690 1699 dicit
1721 1662 1766 1699 et
1797 1670 1845 1699 se
1877 1660 2092 1708 nominat,

466 1741 514 1777 ut
563 1738 704 1786 (Verg.
735 1739 842 1777 Aen.
872 1738 912 1778 2.
941 1736 1041 1777 549)
1086 1738 1449 1785 ‘degeneremque
1490 1736 1831 1785 Neoptolemum
1864 1746 1907 1775 n.
1941 1736 2015 1776 m.’
2049 1737 2093 1775 et

466 1815 657 1854 lPhorm.
681 1812 810 1865 1027)
839 1813 932 1863 ‘age
961 1824 1090 1862 nunc,
1120 1814 1431 1853 Phormionem
1460 1814 1533 1861 qui
1560 1813 1678 1852 volet
1703 1813 1939 1852 lacessito’.
1969 1813 1994 1852 3
2022 1823 2090 1852 Tn-

469 1901 585 1930 MERE
618 1900 846 1936 QUICQUAM
879 1892 1028 1929 utrum
1063 1891 1143 1930 hoc
1175 1891 1303 1929 dicit:
1337 1900 1422 1929 non
1457 1892 1624 1929 temere
1656 1899 1796 1938 neque
1828 1900 1902 1939 per
1929 1889 2091 1938 impru-

467 1969 658 2006 dentiam
703 1968 884 2016 geritur,
928 1968 1130 2015 quicquid
1165 1967 1273 2006 utile
1307 1968 1407 2006 est?
1441 1977 1494 2006 an
1528 1967 1609 2006 hoc
1641 1967 1766 2006 dicit:
1802 1968 1857 2011 (a)
1890 1977 1943 2005 an
1977 1967 2089 2015 quic·

467 2054 597 2092 quam
631 2043 888 2092 Pamphilus
920 2045 1167 2092 praetereat
1194 2045 1360 2083 temere
1388 2044 1466 2092 ita,
1489 2046 1538 2081 ut
1555 2053 1639 2082 non
1660 2045 1914 2082 remuneret
1929 2042 2091 2082 bonum

466 2120 631 2159 factum
666 2120 966 2167 Parmenonis,
1001 2119 1114 2168 quod
1146 2120 1228 2158 sibi
1261 2119 1368 2159 utile
1401 2120 1566 2159 fuerit?
1598 2120 1623 2158 4
1659 2118 1873 2158 Convenit
1899 2119 1981 2158 hoc
2007 2118 2089 2158 dic·
2128 2147 2132 2150 <

468 2198 564 2235 tum
597 2196 777 2236 abeunti
809 2196 1046 2235 meretrici.

641 2271 663 2308 3
703 2282 727 2307 a
755 2271 772 2290 ⁴*
791 2271 887 2306 nihil
926 2272 1062 2316 potest
1096 2271 1270 2307 transire
1298 2273 1463 2316 temere,
1491 2272 1598 2316 quod
1628 2271 1725 2308 utile
1751 2270 1859 2307 factu
1888 2271 1966 2314 est,
1994 2268 2090 2314 quin

587 2325 760 2369 gratiam
792 2326 855 2361 sui
885 2325 1062 2362 habeat?

534 2400 550 2435 l
586 2407 680 2436 mm
714 2407 966 2436 [MPRUDENS
1000 2407 1123 2442 QUAM
1155 2407 1303 2436 scmus
1334 2409 1378 2436 A.
1415 2409 1458 2437 H.
1488 2396 1702 2446 quianon
1731 2395 1938 2436 convenit
1963 2404 2090 2434 servo

467 2473 684 2512 scientem
717 2475 833 2512 recte
866 2473 1022 2521 facere,
1057 2472 1164 2511 bene
1198 2472 1363 2511 addidit
1390 2472 1659 2522 imprudenti
1686 2472 1769 2510 sibi
1798 2472 2014 2520 evenisse,
2043 2472 2092 2510 ut

471 2549 580 2587 bene
612 2549 788 2597 faceret,
825 2548 936 2596 quod
965 2549 1155 2597 prudens
1183 2558 1424 2596 numquam
1451 2548 1616 2587 fecerit.
1646 2548 1670 2586 2
1698 2556 1950 2586 mmumnns
1966 2555 2092 2592 Qum

470 2635 618 2664 scmus
665 2623 876 2662 ἀντίθετον
919 2625 1175 2674 secundum,
1219 2634 1323 2664 nam
1366 2625 1635 2674 imprudenti
1676 2623 1893 2682 scientem
1934 2622 2088 2672 reddit,

470 2711 557 2740 non
590 2701 868 2749 prudentem.
