2242 3443
101 1131 148 1166 11

102 1422 149 1457 12

105 1771 154 1808 14

107 1924 153 1959 15

110 2477 158 2513 16

111 2554 155 2589 1?

114 2820 161 2857 19

113 2948 160 2985 20

940 237 1021 278 115

215 368 413 404 mentum
446 366 555 414 erat,
591 374 725 403 senex
757 363 932 411 quidam
967 373 1126 401 avarus
1159 362 1210 401 ab
1241 360 1519 400 adulescente
1546 365 1733 410 emerat3
1763 374 1849 402 ser-

216 453 297 480 vus
337 442 390 480 ad
421 441 701 490 aperiendum
740 441 1075 478 monumentum
1109 438 1272 477 auxilio
1298 448 1403 476 usus
1430 438 1566 486 senis,
1595 439 1847 478 thesaurum

215 529 314 557 cum
357 518 544 566 epistula
586 516 747 555 ibidem
780 515 991 563 repperit;
1026 525 1163 553 senex
1196 514 1452 552 thesaurum
1486 514 1711 560 tamquam
1749 526 1773 552 a
1805 525 1851 553 se

216 605 290 643 per
331 593 572 632 tumultum
615 591 821 630 hostilem
866 591 952 629 illic
994 590 1218 629 defossum
1260 588 1420 628 retinet
1457 590 1500 627 et
1531 588 1613 626 sibi
1646 590 1850 629 vindicat.

214 669 485 708 Adulescens
528 668 712 707 iudicem
760 667 892 715 capit,
934 666 1046 715 apud
1080 675 1210 713 quem
1252 665 1367 713 prior
1408 675 1561 713 senex,
1597 666 1667 712 qui
1701 676 1855 705 aurum

214 746 391 794 retinet,
436 755 618 783 causam
660 753 786 782 suam
828 743 890 781 sic
934 743 1048 790 agit:
1095 741 1373 780 ‘Alheniense
1414 740 1577 779 bellum
1613 752 1710 780 cum
1745 743 1853 781 Rho-

215 820 439 859 diensibus
482 821 592 869 quod
635 820 787 868 fuerit,
825 819 927 867 quid
961 829 1039 867 ego
1073 819 1142 857 hic
1174 818 1436 866 praedicem,
1471 818 1583 866 quod
1616 821 1662 856 tu
1696 820 1855 858 scias?'

216 899 317 947 etc„
362 907 470 946 quae
514 899 665 936 contra
705 897 910 935 naturam
944 895 1136 942 iurisque
1169 893 1529 933 consuetudinem
1561 894 1704 942 posita
1735 906 1855 944 argu-

215 974 367 1012 menta
398 975 522 1012 notat
554 972 801 1020 Terentius,
836 971 949 1019 quod
982 970 1054 1009 ille
1087 971 1190 1009 ordo
1218 970 1358 1018 potior
1386 970 1499 1018 erat,
1528 970 1577 1007 ut
1604 969 1858 1010 adulescens

215 1049 331 1097 prior
364 1050 619 1097 proponeret
652 1058 850 1095 causam,
884 1048 954 1095 qui
989 1046 1149 1095 petitor
1180 1045 1411 1084 inducitur.

282 1127 301 1164 1
337 1135 463 1163 PRIUs
496 1135 615 1163 UNDE
647 1134 832 1162 PETiTUR
858 1133 1016 1161 AURUM
1045 1121 1184 1160 ‘unde'
1212 1132 1237 1160 a
1262 1131 1364 1171 quo,
1392 1124 1440 1160 ut
1473 1121 1684 1170 Vergilius
1703 1121 1855 1171 ‘genus

217 1201 332 1240 unde
363 1200 586 1239 Latinum'
620 1200 742 1241 (Aen.
781 1200 816 1238 1.
848 1199 903 1240 6).

386 1275 407 1309 2
437 1273 459 1296 *
482 1274 583 1309 Nam
607 1283 889 1318 possessorem
915 1272 1006 1308 fecit
1031 1273 1204 1316 priorem
1227 1281 1344 1316 agere
1369 1282 1488 1315 quam
1505 1272 1735 1318 petitorem,
1753 1275 1854 1317 quod

339 1344 526 1381 abhorret
555 1354 578 1380 a
606 1343 899 1380 consuetudine
928 1345 968 1379 et
996 1343 1095 1378 iuris
1125 1344 1165 1379 et
1194 1342 1338 1381 litium.

278 1418 301 1455 3
336 1426 457 1461 QUAM
491 1427 585 1454 iLLE
619 1425 691 1460 QUI
723 1426 845 1453 PETIT
879 1416 999 1453 esset
1032 1416 1152 1453 recta
1178 1414 1358 1463 locutio,
1388 1415 1424 1453 si
1452 1414 1613 1453 diceret
1641 1417 1693 1462 (α)
1712 1415 1854 1462 ‘quam

218 1492 341 1530 illum
374 1492 446 1540 qui
478 1487 616 1540 petit'‚
646 1492 719 1530 sed
750 1491 893 1539 ‘quam
921 1490 1009 1529 ille’
1038 1489 1214 1538 maluit,
1244 1492 1292 1529 ut
1319 1490 1635 1529 subaudiamus
1665 1490 1855 1529 ‘causam

217 1568 343 1606 dicat*
379 1578 454 1616 per
489 1568 634 1617 ζεῦγμα
668 1577 693 1605 a
724 1567 947 1615 superiore
980 1564 1231 1614 figuratum.

397 1643 413 1676 1
445 1651 557 1684 QUAM
580 1651 668 1676 ILLE
694 1642 806 1677 deest
831 1641 972 1677 ‘dicat’.
1001 1641 1021 1675 2
1043 1650 1111 1682 QU1
1125 1650 1239 1676 ΡΕΤΙΤ
1259 1641 1340 1674 ἀντὶ
1355 1644 1422 1674 τοῦ
1440 1640 1627 1684 ‘petitorn
1645 1639 1667 1674 3
1684 1650 1705 1675 α
1725 1640 1854 1684 ‘quam

340 1695 567 1740 petitorem'
598 1697 680 1731 aut.

285 1769 303 1806 1
349 1777 512 1807 DEfflNc
554 1768 592 1805 si
633 1767 851 1814 loquatur.
886 1766 910 1804 2
945 1777 1000 1804 Ne
1032 1775 1314 1804 FRUsrRETUR
1346 1776 1437 1803 IPSE
1470 1776 1518 1803 sE
1550 1763 1658 1813 παρὰ
1688 1764 1856 1813 προσδο-

219 1842 309 1880 κίαν
341 1843 516 1891 dicitur,
551 1842 626 1881 sed
658 1840 811 1892 ἠθικῶς
844 1841 1023 1880 addidit.
1057 1842 1081 1879 3
1115 1852 1201 1879 AUT
1236 1851 1299 1879 sic
1332 1851 1508 1879 coerrss'r
1541 1840 1578 1878 si
1610 1841 1768 1879 taceat.

284 1920 304 1956 1
339 1929 589 1957 DEFUNCTUS
621 1929 709 1956 IAM.
736 1928 822 1956 SUM
854 1917 896 1955 id
929 1919 1017 1956 est:
1053 1917 1173 1956 omni
1204 1916 1348 1955 labore
1376 1917 1587 1955 liberatus
1615 1926 1733 1964 sum,
1763 1926 1856 1954 auc-

218 1995 396 2034 toritate
436 1995 526 2033 iam
569 1992 828 2033 confirmata
868 1995 911 2032 et
951 1992 1209 2031 inviolabili.
1253 1994 1277 2031 3
1319 2002 1570 2030 DEFUNCTUS
1603 2002 1628 2029 1.
1662 2002 1696 2030 s.
1730 1996 1857 2040 σχῆμα

221 2070 402 2116 διανοίας
443 2068 652 2120 ἠθοποιία.
695 2070 720 2108 4
763 2079 887 2107 NIHIL
925 2080 999 2107 EsT
1033 2078 1145 2113 QUOD
1178 2078 1306 2106 DICAT
1340 2078 1439 2105 MIHI
1472 2078 1556 2106 non
1589 2067 1664 2115 sit,
1697 2066 1856 2114 inquit,

220 2146 270 2184 de
297 2146 390 2185 suis
417 2146 537 2184 vitiis
563 2155 747 2184 securus
774 2147 948 2194 propter
976 2146 1266 2183 vetustatem:
1286 2143 1572 2181 nihilominus
1590 2152 1614 2180 a
1632 2152 1701 2181 me
1720 2152 1857 2190 repre-

223 2222 448 2261 hendetur.

316 2332 319 2339 ,
395 2295 416 2330 2
455 2293 477 2315 ³¹⁶
515 2303 748 2330 DEFUNGTUS
784 2303 809 2330 1.
850 2304 881 2329 s.
919 2294 956 2328 id
995 2295 1078 2329 est:
1117 2292 1196 2328 iam
1224 2293 1287 2337 egi
1315 2292 1470 2328 fabulas
1500 2301 1631 2336 meas,
1658 2293 1748 2326 aut:
1778 2291 1856 2326 iam

339 2348 475 2384 destiti
503 2348 713 2392 periclitari
741 2347 781 2383 in
810 2348 972 2383 edendis
1003 2347 1238 2391 comoediis,
1268 2348 1339 2382 aut
1364 2348 1491 2382 certe:
1517 2347 1595 2381 iam
1621 2345 1721 2381 edidi
1738 2354 1856 2387 quam

344 2404 387 2438 tu
415 2402 675 2447 reprehendis
704 2401 893 2437 fabulam.

282 2484 320 2512 IS
352 2485 407 2512 NE
440 2484 575 2512 ERRET
608 2483 765 2512 moneo
798 2477 928 2523 σχῆμα
961 2470 1178 2517 ἐπιεικείας.

283 2560 428 2588 HABEO
461 2560 567 2588 ALIA
599 2560 750 2588 MULTA
783 2559 898 2594 QUAE
932 2559 1048 2587 NUNC
1077 2557 1414 2587 CONDONABITUR
1439 2547 1500 2585 sic
1527 2546 1570 2584 in
1597 2543 1857 2584 Phormione

222 2631 277 2671 (v.
311 2624 427 2675 947),
464 2624 707 2674 ‘argentum
741 2625 853 2673 quod
886 2624 1021 2662 habes
1054 2624 1352 2662 condonamus
1383 2623 1457 2661 te'.
1490 2624 1543 2666 (α)

397 2710 420 2733 α
447 2708 541 2734 nam
579 2699 706 2734 dono
745 2698 918 2734 ablativo
947 2698 1057 2733 casui
1085 2698 1307 2742 iungebant
1335 2698 1514 2739 veteres,
1545 2695 1771 2730 condono
1800 2701 1845 2727 ac

344 2752 540 2788 cusativo.

399 2824 479 2864 [ITA
514 2831 566 2857 UT
594 2830 746 2856 FACERE:
774 2823 989 2864 ms'rrrm'r]
1021 2820 1179 2863 obliqua
1207 2820 1385 2855 narratio
1414 2818 1517 2854 facta
1546 2818 1609 2852 est
1637 2813 1856 2850 secundum

344 2885 483 2911 casum
512 2876 803 2910 accusativum.

284 2957 510 2992 POSTQUAM
553 2957 734 2984 AEmLEs
765 2955 969 2984 EMERUNT
1004 2945 1132 2994 mire,
1168 2955 1267 2983 cum
1299 2943 1401 2982 ordo
1434 2942 1583 2980 melior
1620 2939 1856 2986 videretur,

195 3022 261 3059 ‘si
297 3023 360 3060 sic
391 3022 552 3060 diceret
585 3021 831 3070 ‘postquam
864 3021 1024 3059 aediles
1057 3021 1276 3067 emerunt,
1310 3027 1439 3066 quam
1474 3026 1589 3055 nunc
1621 3013 1759 3053 acturi
1791 3022 1855 3050 su-

227 3107 344 3145 mus,
378 3097 558 3145 perfecit
583 3099 631 3134 ut
656 3095 918 3144 inspiciundi
936 3098 1053 3133 esset
1070 3094 1221 3142 copia’.
1246 3091 1483 3131 ‘Emerunt'
1502 3092 1650 3129 autem
1668 3088 1856 3126 mediam
