2242 3443
293 764 370 799 2²09

1153 243 1207 280 30

444 367 604 405 undam
647 367 822 415 navigio
865 367 1174 405 imminentem
1217 367 1336 415 fecit,
1381 367 1493 415 quod
1536 368 1572 405 si
1615 367 1714 415 quis
1756 376 1841 405 non
1869 366 2056 415 undam,

443 443 612 481 scilicet
644 453 699 481 ex
732 443 915 482 adverso
950 443 1220 492 venientem,
1251 453 1377 492 prora
1407 443 1646 491 exceperit,
1676 443 1906 481 demersus
1931 442 2061 481 undis

441 519 484 557 in
513 529 693 568 pessum
727 518 840 568 abit,
875 521 944 557 est
976 529 1077 567 ergo
1113 519 1330 569 μεταφορά.
1367 521 1390 558 5
1424 529 1483 557 ME
1516 529 1604 557 Aur
1638 527 1759 556 ERUM
1793 517 2059 558 ‘erum’hic:

444 595 595 633 erilem
628 593 780 633 fllium.

590 671 606 704 l
639 679 745 711 QUAE
774 679 810 704 si
838 679 918 704 NON
949 679 1051 704 As'ru
1080 678 1115 704 P.
1145 668 1376 705 exhortatio
1406 678 1428 704 a
1457 668 1644 713 periculo.

504 768 826 796 PAMPHILUMNE
859 768 1055 796 ADIUTEM
1083 767 1143 795 AN
1171 767 1429 796 AUSCULTEM
1457 766 1554 794 SENI
1583 767 1756 804 semper
1774 756 2061 796 deliberativa

442 834 571 873 verba
613 834 776 872 habent
817 834 1036 881 quendam
1078 844 1254 881 sonum,
1300 844 1373 881 per
1415 843 1546 880 quem
1590 833 1739 871 exitus
1782 833 1844 871 rei
1885 833 2058 872 demon·

440 913 624 958 stratur,
653 913 701 948 ut
728 911 797 948 hic
823 909 1016 948 ostendit
1043 909 1322 957 Pamphilum
1351 920 1397 948 se
1427 909 1568 957 magis
1596 909 1908 947 adiuvaturum
1925 919 2057 956 quam

441 986 586 1025 verbis
617 987 736 1024 senis
767 985 1185 1034 obtemperaturum.

495 1079 518 1117 2
562 1088 661 1117 EIUS
701 1089 833 1117 VITAE
875 1088 1005 1116 ΤΙΜΕΟ
1049 1080 1097 1116 ut
1134 1077 1236 1116 alibi
1272 1078 1409 1126 ‘Syre‚
1446 1076 1525 1115 tibi
1559 1077 1689 1115 timui
1721 1075 1851 1115 male’
1884 1075 2057 1122 (Heaut.

441 1156 554 1195 531).
598 1156 622 1194 3
667 1155 743 1193 sm
791 1164 1005 1193 OPITULOR
1047 1164 1200 1202 opem
1234 1154 1385 1192 ferre
1419 1153 1578 1191 dicitur
1611 1153 1654 1190 in
1689 1152 1820 1191 malis
1853 1152 1984 1192 rebus
2017 1154 2060 1192 et

440 1232 531 1280 his,
579 1231 652 1279 qui
699 1231 750 1269 de
792 1230 935 1269 salute
978 1230 1096 1268 dubii
1138 1231 1247 1277 sint,
1292 1231 1340 1268 ut
1383 1228 1460 1268 ‘fer
1502 1230 1651 1277 opem!
1698 1239 1830 1268 serva
1869 1238 1959 1277 me,
1993 1229 2056 1268 οῖ’

436 1313 487 1351 (v.
539 1306 639 1345 473.
683 1306 762 1345 Ad.
806 1307 921 1348 487).
962 1307 988 1344 4
1037 1315 1251 1344 OPITULOR
1293 1305 1605 1354 opitulatio
1649 1305 1766 1343 dicta
1807 1305 1860 1343 ab
1902 1314 2055 1354 opem

440 1383 714 1431 tollendo,
749 1382 829 1421 hoc
861 1384 930 1420 est
961 1382 1152 1420 ferendo.

588 1459 604 1492 1
647 1466 682 1492 SI
706 1466 829 1492 mmm
859 1466 1058 1498 RELINQUO
1089 1456 1266 1501 partium
1295 1457 1496 1491 tractatus
1525 1465 1626 1500 quae
1655 1465 1780 1500 supra
1807 1456 1905 1491 sunt
1933 1454 2057 1491 ‘Pam-

533 1511 741 1556 philumne
779 1511 956 1546 adiutem
995 1520 1045 1545 an
1085 1511 1326 1546 ‘auscultem
1366 1510 1479 1546 seni’.
1515 1512 1537 1545 5
1567 1519 1695 1545 fimus
1719 1519 1845 1545 MINAS
1874 1510 2059 1546 subaudi·

532 1568 599 1601 tur
628 1565 791 1600 ‘timeo’.

495 1655 513 1692 1
545 1664 616 1692 cm
646 1663 789 1691 VERBA
816 1662 933 1691 DARE
960 1652 1108 1690 ‘verba
1135 1652 1251 1690 dare'
1279 1652 1454 1690 fallacia
1481 1651 1672 1690 scilicet:
1691 1652 1746 1690 ad
1763 1652 1870 1690 illud
1887 1653 2058 1701 spectat

439 1730 559 1769 ‘nihil
606 1741 677 1768 me
719 1729 849 1767 fallis’
893 1732 945 1768 (v.
994 1728 1109 1768 204).
1151 1729 1177 1766 4
1220 1738 1393 1767 PRIMUM
1433 1738 1516 1766 IAM
1562 1727 1766 1776 ‘primum
1799 1728 1903 1766 iam’
1936 1725 2053 1777 ὑφέν,

439 1811 506 1845 est
546 1807 660 1844 enim
704 1803 937 1854 ἀναστροφή
980 1814 1055 1852 pro
1098 1804 1471 1852 iamprimum.
1513 1805 1537 1842 5
1571 1814 1626 1842 DE
1657 1814 1806 1843 AMORE
1837 1814 1923 1843 Hoc
1954 1813 2052 1843 cou-

437 1891 562 1920 ΡΕΒῙΤ
603 1880 699 1919 ‘hoc
741 1881 902 1919 amore'
936 1880 1015 1928 sic,
1050 1881 1176 1927 quasi
1208 1890 1307 1918 curn
1340 1880 1485 1918 taedio
1517 1881 1561 1918 et
1593 1876 1930 1928 reprehensione
1961 1880 2056 1919 eius

436 1957 601 1996 amoris
631 1956 847 2004 loquatur.

582 2032 604 2066 2
643 2029 662 2049 *
697 2040 855 2066 PRIMUM
886 2039 936 2065 DE
965 2039 1102 2066 AMORE
1131 2039 1209 2065 Hoc
1237 2039 1433 2066 coMPERrr
1465 2029 1613 2075 primo,
1645 2029 1792 2074 inquit,
1821 2029 1901 2065 iam
1930 2029 2054 2066 infen-

527 2095 598 2121 sus
635 2087 699 2121 est
728 2093 873 2129 senex,
902 2084 1043 2120 deinde
1073 2085 1238 2129 gravida
1265 2094 1286 2121 e
1314 2084 1523 2129 Pamphilo
1552 2087 1615 2120 est
1645 2083 1888 2129 Glycerium.
1919 2084 1941 2120 3
1974 2093 2054 2120 Dm·

525 2147 653 2175 FICILE
689 2148 759 2174 Es'r
797 2148 877 2174 non
917 2138 1015 2174 dixit
1055 2139 1319 2183 ‘impossibile
1357 2140 1448 2183 est',
1486 2148 1582 2183 ergo
1612 2138 1790 2174 ostendit
1819 2139 1979 2183 partem
2007 2148 2052 2174 se

527 2193 657 2237 sequi,
686 2202 786 2237 quae
816 2202 887 2238 pro
916 2192 1124 2237 Pamphilo
1155 2195 1230 2229 est.

488 2282 512 2320 2
546 2291 713 2319 SERVAT
747 2280 946 2329 φυλάττει.
980 2281 1005 2319 3
1040 2290 1096 2319 NE
1123 2290 1247 2326 QUAM
1279 2291 1448 2319 FACIAM
1480 2290 1655 2319 NUPTIIS
1686 2289 1943 2319 FALLACIAM
1969 2280 2052 2320 hoc

432 2358 487 2396 ad
517 2357 622 2396 illud
655 2358 825 2405 spectat
859 2356 968 2395 ‘tum
1002 2357 1039 2395 si
1072 2358 1168 2405 quis
1200 2359 1465 2406 magistrum
1499 2357 1616 2406 cepit
1635 2352 1696 2396 ‘ad
1724 2366 1823 2396 eam
1848 2366 1943 2395 rem
1970 2357 2047 2395 im-

433 2433 638 2483 probum,
671 2433 816 2481 ipsum
850 2433 1047 2471 animum
1080 2434 1161 2472 ae.'
1190 2437 1244 2476 (v.
1282 2434 1394 2474 192).

582 2508 599 2542 1
635 2504 657 2526 ’⁵
686 2517 741 2542 ME
768 2515 962 2542 mFENsus
992 2517 1024 2543 s.
1054 2507 1206 2543 scilicet
1234 2508 1281 2543 de
1310 2517 1448 2544 amore
1475 2506 1556 2542 filii.
1587 2507 1720 2543 Senex
1751 2515 1816 2542 me
1843 2507 1981 2542 servat
2007 2508 2050 2542 et

523 2570 664 2596 revera
692 2561 898 2597 timendus
928 2563 1011 2605 est;
1042 2562 1090 2597 ad
1120 2561 1195 2597 hoc
1222 2561 1261 2597 in
1286 2562 1376 2607 ipsa
1399 2572 1441 2598 re
1466 2561 1592 2597 maior
1615 2562 1679 2597 est
1704 2560 1935 2606 difficultas,
1957 2561 2050 2605 quia

525 2614 689 2659 gravida
721 2613 964 2660 Glycerium.

486 2713 569 2749 ono
596 2713 698 2741 JURE
725 2712 900 2748 QUAQUE
928 2713 1102 2741 INIURIA
1129 2703 1400 2751 proverbiale
1429 2703 1510 2742 hoc
1539 2704 1630 2751 est,
1659 2702 1806 2751 qualia
1831 2705 1937 2742 sunt
1961 2703 1981 2742 f
1989 2713 2048 2742 as

434 2779 614 2828 nefas,
650 2778 797 2817 velis
830 2778 994 2817 nolis.

483 2882 579 2910 s1vE
610 2880 709 2909 1s‘rA
742 2880 860 2908 UXOR
886 2880 983 2909 SIVE
1010 2881 1151 2909 AMICA
1178 2881 1253 2909 Es'r
1280 2873 1324 2910 et
1351 2872 1432 2910 hoc
1458 2871 1649 2920 quodam
1673 2871 1818 2910 taedio
1849 2873 1892 2911 et
1905 2871 2044 2921 indig—

429 2947 606 2986 natione
630 2945 847 2986 stomachi
879 2946 1173 2994 interrumpit.

488 3042 506 3078 1
537 3048 788 3084 AUDIREQUE
814 3049 962 3077 EORUM
978 3049 1053 3077 Es‘r
1082 3049 1250 3078 OPERAE
1266 3050 1458 3078 PRErmM
1477 3039 1646 3088 ‘operae
1662 3039 1868 3089 pretium’
1886 3039 2044 3078 dicitur

428 3116 479 3154 de
526 3114 725 3154 mirificis
772 3116 814 3153 et
860 3114 1174 3161 laudabilibus3
1223 3125 1326 3154 nam
1375 3117 1417 3153 et
1465 3125 1516 3154 ea
1559 3125 1668 3163 quae
1708 3125 1873 3164 magna
1912 3116 2040 3164 sunt,

2234 1097 2242 1106 .
2215 999 2242 1081 ‘An-¹..
2215 907 2242 982 ⁸16²:-
