2242 3443
305 174 473 201 ΑΝυκιΑ
1149 166 1234 203 248

401 288 461 322 dis
491 290 651 324 tantum
682 288 820 332 figuris
851 289 892 324 et
927 287 1055 332 tropis
1085 288 1330 333 defungitur,
1360 290 1464 332 quod
1494 288 1680 332 magistri
1709 288 1898 334 supplere
1928 289 2073 334 solent,

402 350 471 384 sed
501 349 556 384 ita
584 352 628 385 ut
657 349 768 386 facile
797 350 1165 394 deprehendantur,
1196 350 1284 386 vide
1314 360 1347 386 e.
1366 360 1403 394 g.
1439 350 1524 387 171.
1555 351 1592 395 2,
1621 351 1710 394 212,
1739 351 1776 395 4,
1806 350 1895 387 242.
1921 351 1957 396 3,
1982 350 2071 388 285.

406 413 422 447 1
464 411 551 447 291.
593 411 628 455 7,
667 414 759 447 cett.
801 422 930 456 usque
969 413 1015 447 ad
1051 412 1125 448 798
1165 414 1205 448 et
1243 413 1361 449 ultra.
1401 413 1517 449 Nuda
1554 413 1700 450 Donati
1728 413 1879 458 figurae
1907 414 2071 450 adnota-

404 473 479 508 tio:
516 473 599 515 180.
631 474 719 518 261,
751 474 839 518 280,
870 474 958 519 361,
990 474 1078 519 365,
1105 474 1193 520 385,
1225 474 1313 519 396,
1345 477 1420 512 etc.

298 535 369 570 161
459 537 517 571 1‹1
550 536 600 571 2α
629 535 905 571 additamenta
935 536 1128 572 eiusdem.

298 594 372 630 162
458 597 474 631 1
507 594 667 636 falsum.
698 598 787 633 vide
818 607 944 643 supra
973 598 1020 633 ad
1054 597 1140 634 157.

297 656 372 692 164
456 657 478 692 2
518 657 638 701 Eugr.
673 668 708 703 p.
745 659 803 696 19.
830 659 883 697 Cf.
915 659 1014 695 Don.
1042 659 1131 696 206.
1162 660 1197 696 2.
1283 660 1305 696 3
1337 660 1424 696 Non
1456 660 1530 696 hoc
1558 660 1662 696 dixit
1691 660 1801 697 Simo
1829 660 1870 696 in
1901 670 1938 696 v.
1973 659 2069 705 162;

401 720 607 762 praeterea
643 730 766 756 causa
804 721 1036 767 invertitur,
1075 731 1216 757 revera
1254 722 1380 758 enim:
1422 722 1516 766 quia
1553 722 1658 759 mala
1686 731 1803 758 mens
1832 721 1963 759 malus
1992 721 2070 758 ani-

404 789 495 815 mus
526 784 590 817 est
620 783 739 827 servi,
769 783 858 819 ideo
888 782 990 818 dixit
1019 792 1121 828 quae
1161 784 1352 827 leguntur
1382 784 1421 819 in
1455 784 1530 821 162
1559 794 1618 828 sq.

297 841 369 877 167
453 841 476 877 3
507 852 529 877 α
559 852 580 879 e
610 843 709 880 Don.
741 845 776 890 2,
808 845 896 881 vide
926 845 1047 890 praef.
1079 855 1115 890 p.
1152 856 1191 881 x.

296 904 370 940 168
455 904 477 940 2
502 904 547 940 ef.
578 905 663 942 155.
682 907 716 942 2.
804 909 822 944 1
842 922 895 938 =
911 907 1009 944 Don.
1027 907 1050 943 2
1067 907 1154 943 vide
1171 908 1293 952 praef.
1312 918 1348 953 p.
1369 918 1415 953 x;
1433 908 1554 952 Eugr.
1571 918 1609 953 p.
1628 907 1676 945 19
1693 907 1851 946 similia.
1932 908 1955 945 3
1971 907 2070 945 Vide

401 974 526 1010 supra
553 967 600 1002 ad
632 978 666 1002 v.
698 968 759 1005 45.

295 1027 372 1063 169
454 1028 477 1064 2
511 1028 557 1065 cf.
595 1029 684 1066 412.
725 1030 761 1067 5.
799 1031 911 1067 SerV.
947 1032 996 1067 ad
1031 1031 1101 1068 Ge.
1133 1032 1169 1068 4.
1200 1032 1296 1069 212;
1329 1032 1547 1069 observant
1578 1034 1844 1077 venerantur;
1875 1031 1974 1068 alias
2003 1032 2069 1068 ob-

372 1099 536 1126 servare
565 1094 628 1128 est
655 1093 792 1129 callide
822 1094 1045 1138 advertere,
1075 1094 1236 1135 (citatur
1265 1094 1303 1129 h.
1333 1094 1357 1130 l.
1387 1094 1503 1135 Ter.).

295 1152 371 1187 173
455 1152 478 1188 2
516 1153 593 1188 Mn.
636 1154 698 1191 33.
736 1155 823 1192 234.
866 1156 988 1200 Eugr.
1025 1165 1061 1200 p.
1104 1155 1163 1192 19.
1203 1155 1491 1201 Gerstenberg.
1531 1165 1567 1201 p.
1600 1155 1664 1192 65.
1747 1156 1770 1192 3
1800 1156 1900 1192 Don.
1931 1158 1950 1193 1
1980 1155 2069 1192 vide

373 1213 492 1257 praef.
523 1224 561 1259 p.
589 1225 627 1251 x.
712 1217 768 1252 De
800 1217 952 1253 scholio
984 1217 1059 1254 172
1088 1218 1176 1253 vide
1205 1218 1282 1254 Mn.
1312 1218 1361 1254 39
1393 1218 1525 1262 (1911)
1556 1228 1593 1262 p.
1626 1218 1697 1254 171
1731 1228 1790 1262 sq.

295 1275 371 1311 176
454 1276 476 1312 6
505 1277 686 1314 Donatus
716 1278 822 1315 tollit
848 1279 1141 1315 dubitationem
1171 1289 1292 1323 quam
1322 1280 1443 1316 edidit
1477 1280 1517 1315 in
1549 1280 1584 1316 5.
1675 1280 1699 1316 2
1719 1279 1743 1322 ¹)
1767 1279 1884 1316 iuxta
1906 1279 2005 1316 Don.
2032 1279 2068 1316 3.

401 1338 464 1375 3a
493 1340 652 1375 notavit
682 1339 847 1376 Wessn.
931 1340 995 1376 6α
1023 1342 1063 1376 et
1095 1340 1117 1376 7
1146 1341 1336 1377 luserunt
1366 1342 1565 1386 magistri.

295 1400 371 1437 179
454 1401 478 1437 2
515 1401 560 1437 cf.
599 1401 687 1438 775.
721 1404 754 1439 1.
839 1402 861 1439 3
892 1403 1006 1439 Sitne
1033 1403 1179 1439 Donati
1209 1403 1361 1440 dubito.
1447 1406 1465 1440 1
1498 1404 1648 1440 Contra
1676 1403 1776 1440 Don.
1809 1404 1845 1449 2,
1874 1403 1942 1448 qui
1963 1404 2070 1440 recte

400 1463 636 1507 explicavit:
670 1463 851 1500 ‘verbum
881 1464 1025 1500 faciet’.

297 1524 372 1560 180
457 1527 475 1562 1
506 1525 552 1562 cf.
583 1526 769 1571 Spengel.
855 1526 878 1562 5
909 1526 1057 1563 Contra
1085 1527 1130 1563 D.
1154 1527 1179 1562 4
1207 1536 1277 1572 per
1308 1527 1427 1564 ‘vel’.

295 1586 367 1622 181
453 1587 477 1622 4
513 1587 553 1623 in
591 1589 822 1624 commento
861 1588 1084 1633 legebatur,
1115 1590 1249 1634 eredo,
1286 1589 1359 1625 hoe
1389 1588 1588 1625 scholium
1617 1590 1712 1625 ante
1742 1588 1785 1625 3:
1816 1587 2068 1626 oscitatio

402 1658 486 1693 sqq.
568 1650 633 1685 4a
669 1650 716 1685 de
745 1650 1032 1686 additamentis
1063 1660 1134 1695 per
1164 1651 1222 1686 ‘id
1252 1651 1348 1686 est’
1379 1652 1469 1687 sim.
1499 1651 1577 1687 Mn.
1608 1651 1670 1687 32.
1702 1650 1790 1687 294.
1822 1649 1885 1687 35.
1913 1649 2004 1686 406.

297 1710 372 1747 183
455 1711 479 1747 2
509 1712 556 1746 ad
584 1711 685 1748 Eun.
718 1711 805 1748 645.
837 1712 933 1749 Pho.
966 1712 1054 1749 373.
1140 1713 1204 1749 2α
1233 1712 1355 1748 nimis
1386 1713 1586 1758 ineptum.

295 1772 372 1809 184
455 1775 473 1810 1
514 1774 561 1809 de
596 1773 717 1809 variis
756 1774 1122 1819 significationibus
1159 1775 1452 1811 interiectionis
1490 1775 1599 1811 hem
1635 1774 1681 1811 cf.
1711 1774 1916 1810 Donatum
1945 1774 2068 1811 etiam

402 1835 450 1870 ad
482 1834 567 1880 194,
596 1835 686 1881 435,
717 1835 805 1881 462,
838 1836 925 1882 682,
956 1836 1044 1883 803,
1075 1836 1164 1883 846,
1195 1837 1283 1874 819.
1369 1837 1771 1874 5aadditamentum
1786 1835 1948 1873 causale
1963 1845 2069 1882 pror-

402 1906 475 1932 sus
504 1897 700 1942 ineptum.

297 1958 374 1995 185
458 1960 476 1995 1
508 1958 554 1995 cf.
590 1959 674 1996 148.
705 1960 728 1995 3
811 1960 835 1995 4
863 1961 910 1996 de
941 1960 1038 1996 ‘sed'
1069 1960 1157 1997 vide
1187 1970 1313 2005 supra
1341 1961 1391 1997 ad
1424 1960 1511 1998 135.

456 2020 480 2056 2
517 2030 610 2065 pars
647 2022 754 2065 prior
791 2021 872 2057 fere
895 2037 949 2052 =
974 2022 1073 2058 Don.
1117 2024 1151 2067 1,
1188 2022 1228 2058 in
1269 2021 1396 2058 altera
1434 2024 1550 2068 parte
1580 2022 1636 2059 rei
1665 2022 1768 2058 ratio
1797 2021 1977 2059 redditur
2004 2021 2068 2058 ab·

402 2083 536 2127 surda,
567 2082 612 2118 cf.
644 2083 765 2127 praef.
795 2093 832 2128 p.
862 2093 948 2119 vm.
1033 2083 1056 2120 5
1085 2083 1271 2129 ‘semper’
1302 2083 1463 2130 falsum,
1494 2086 1541 2120 ut
1568 2084 1607 2120 in
1639 2084 1726 2121 667.
1754 2084 1790 2120 2.

297 2144 374 2181 186
460 2144 482 2180 3
512 2144 535 2180 3
564 2154 695 2190 supra·
719 2146 768 2181 ad
801 2145 863 2182 30.

297 2206 372 2242 188
455 2205 478 2242 6
503 2206 592 2242 ‘sivi
624 2207 706 2243 siit'
737 2206 804 2243 Gr.
833 2207 876 2242 L.
906 2207 1034 2244 Diom.
1064 2208 1083 2243 1
1114 2207 1191 2244 374
1220 2208 1286 2252 qui
1315 2209 1411 2244 citat
1441 2208 1506 2244 l.l.
1539 2209 1612 2244 Ad.

459 2270 477 2305 1
509 2269 648 2304 contra
680 2268 777 2305 Don.
811 2269 833 2305 3
868 2270 908 2305 et
932 2269 1092 2314 falsum,
1119 2269 1166 2305 cf.
1191 2270 1340 2315 Speng.
1366 2271 1407 2306 et
1429 2271 1508 2307 Mn.
1536 2270 1597 2307 32.
1625 2269 1714 2307 302.
1798 2269 1858 2306 5a
1884 2269 2066 2306 ‘cessavi'

401 2328 562 2365 falsum.

297 2391 374 2428 190
456 2391 480 2427 2
507 2391 580 2426 Ad.
612 2391 698 2428 175.
728 2392 765 2437 4,
798 2391 884 2428 209.
918 2394 952 2429 1.
980 2393 1057 2429 Mn.
1089 2392 1150 2429 32.
1184 2393 1261 2429 222
1291 2402 1349 2437 sq.
1379 2393 1427 2429 de
1455 2393 1562 2429 ‘iam'
1592 2393 1632 2428 in
1662 2394 1905 2430 commento.

297 2453 371 2490 191
456 2452 501 2489 of.
533 2453 581 2488 ad
612 2452 701 2490 261.
731 2453 768 2489 4.

298 2514 374 2551 192
458 2516 476 2551 1
516 2515 564 2550 de
601 2515 723 2551 verbo
759 2515 864 2551 ‘aio’
905 2516 995 2551 vide
1033 2516 1134 2552 Don.
1173 2517 1222 2552 ad
1258 2515 1346 2560 321,
1387 2516 1463 2553 353
1504 2518 1545 2552 et
1587 2515 1828 2562 praesertim
1856 2515 1959 2552 Eun.
1991 2513 2064 2552 139

403 2575 498 2612 Hec.
529 2575 617 2612 357.
703 2576 724 2613 3
755 2576 870 2612 iuxta
900 2577 935 2613 2.
967 2578 1044 2613 Mn.
1078 2578 1138 2614 32.
1171 2578 1257 2614 244.
1341 2578 1366 2613 4
1395 2578 1673 2615 soloecismus.

298 2639 373 2675 193
457 2638 557 2674 Vide
586 2637 748 2674 Wessn.
780 2638 819 2673 in
848 2639 1091 2684 Appendioe.

296 2697 374 2735 194
455 2698 479 2734 2
513 2700 652 2735 contra
684 2699 727 2735 D.
757 2700 793 2743 3,
818 2700 1070 2737 coniecturae
1099 2701 1200 2737 satis
1229 2701 1367 2745 falsae,
1396 2701 1485 2737 vide
1518 2702 1596 2738 Mn.
1629 2702 1691 2739 32.
1722 2701 1811 2739 231.
1854 2694 1857 2698 ’
1903 2701 1928 2736 4
1956 2700 2067 2737 scho-

402 2759 500 2795 lium
533 2761 750 2797 obscurum
789 2764 829 2797 et
866 2772 944 2806 quo
987 2764 1190 2807 pertineat
1226 2763 1438 2799 incertum.
1478 2763 1642 2799 Wessn.
1677 2763 1804 2800 traxit
1831 2763 1880 2800 ad
1908 2773 1946 2801 v,
1978 2761 2066 2800 192.

404 2821 514 2866 Quod
552 2822 615 2858 hic
651 2823 885 2868 perhibetur
913 2825 959 2861 de
986 2824 1294 2869 imitationibuS,
1319 2825 1428 2861 valet
1456 2825 1503 2861 de
1531 2827 1696 2862 centum
1723 2824 1810 2862 aliis
1838 2823 2065 2861 actionibus

403 2883 604 2920 humanis.

342 3074 366 3117 ¹)
391 3073 434 3108 In
459 3075 563 3109 textu
586 3074 700 3109 huius
724 3074 859 3110 scholii
884 3076 971 3118 post
994 3074 1156 3110 ‘Graeci'
1186 3074 1310 3111 insere
1334 3079 1426 3110 οὕτω.
