2242 3443
328 211 519 239 Pnomuio
1169 200 1253 238 296

329 330 430 367 1028

327 554 429 590 1035

328 683 429 721 1048

327 1071 430 1109 1040

331 1301 432 1338 1052

333 1454 431 1491 1054

332 1684 435 1721 1055

559 337 675 365 FAxo
708 337 809 365 TALI
843 337 930 365 sUM
960 337 1203 367 MACTATUM
1232 327 1361 365 ‘sum’
1391 326 1519 364 modo
1547 336 1623 375 pro
1653 335 1702 364 eo
1720 325 1833 373 quod
1851 328 1921 365 est
1940 326 2095 366 ‘eum’:
2158 319 2161 324 ’
2208 328 2210 330 ’

503 403 565 441 sic
609 402 861 452 frequenter
894 405 1093 442 veteres:
1127 403 1296 442 Ennius
1329 405 1445 447 (ann.
1463 401 1565 441 VIII
1582 402 1634 441 fr.
1655 402 1677 440 7
1699 401 1752 441 Μ.
1772 416 1827 432 =
1847 412 1886 440 v.
1906 402 1993 441 470
2009 397 2096 448 V.²)

506 478 675 518 ‘omnes
717 479 845 518 corde
887 482 1058 528 patrem
1092 479 1254 519 debent
1286 480 1522 527 animoque
1548 478 1736 526 benigno
1769 478 1933 517 circum
1968 478 2097 518 sum’.

645 563 813 590 renoscs
850 563 954 590 ossAr
990 563 1238 590 conmm'run
1268 562 1429 589 PURGAT
1459 552 1583 589 verba
1612 552 1783 588 venialis
1811 554 1948 589 status
1974 553 2094 590 sunt:

594 608 784 653 ‘ignosce'
815 608 1068 644 ‘confitetur’.

565 683 581 719 1
633 691 689 720 TU
735 691 857 720 TUUM
899 690 1050 720 nomm<
1093 690 1164 719 mc
1206 680 1317 719 bene
1350 679 1454 718 dicit
1489 678 1590 717 ‘tu’z
1624 679 1805 718 interim
1838 679 2097 729 pronomine

505 757 654 806 utitur,
689 757 804 805 quod
836 767 924 797 non
957 756 1092 796 habet
1122 766 1300 796 nomen.

645 832 668 868 2
696 829 720 849 ὥ
749 833 812 867 An
856 832 1134 877 potentiorum
1171 830 1496 867 blandimentum
1533 831 1638 867 circa
1664 830 1876 867 inferiores
1905 829 1981 867 fuit
2009 830 2098 876 hoc,

593 888 637 922 ut
667 886 831 922 nomina
859 895 999 923 eorum
1028 887 1269 930 quaererent
1298 887 1339 921 et
1367 895 1457 921 cum
1488 884 1714 930 audissent,
1739 885 1840 931 ipsis
1865 885 2097 922 nominibus

593 950 662 977 eos
692 940 981 986 compellarent
1007 940 1181 977 statim?
1206 939 1286 976 tale
1301 940 1365 976 est
1382 941 1421 975 in
1437 939 1631 984 Adelphis
1647 938 1751 983 (819)
1768 940 1848 984 ‘qui
1864 941 2030 977 vocare?
2053 960 2089 966 —

593 994 821 1042 <Geta>
860 1017 895 1021 —
932 994 1046 1040 Geta,
1076 995 1282 1031 hominem
1312 994 1480 1030 maximi
1508 994 1626 1039 preti’
1655 995 1730 1030 etc.

563 1068 582 1106 1
619 1077 815 1106 vns'rRAE
848 1077 1064 1106 FAMILIAE
1097 1067 1180 1105 hoc
1210 1066 1386 1115 propter
1413 1065 1680 1114 Antiphonis
1708 1065 1955 1105 amicitiam
1972 1065 2099 1106 dixit.

506 1144 530 1182 2
574 1153 737 1182 Afficns
779 1154 830 1181 ΕΤ
873 1153 956 1182 on
995 1152 1175 1182 SUMMUS
1208 1152 1465 1181 PHAEDRIAE
1497 1142 1669 1181 scilicet
1704 1140 1902 1181 ‘amicus’
1936 1142 2098 1182 iterum

505 1218 873 1259 subaudiendum.

565 1306 637 1335 vm
670 1306 843 1335 PRIMUM
875 1306 1010 1336 nomn
1042 1306 1210 1335 FACERE
1241 1295 1383 1334 facete
1415 1305 1470 1334 ex
1502 1304 1691 1344 persona
1722 1295 1958 1343 parasitica
1973 1294 2097 1334 bene·

507 1372 594 1413 ficii
627 1374 744 1423 optio
777 1373 897 1413 facta
928 1374 1010 1423 est,
1045 1372 1157 1421 quod
1191 1372 1460 1421 promiserat
1492 1371 1668 1410 mulier.

561 1460 639 1488 SED
682 1458 757 1488 UBI
796 1459 871 1487 sss'r·
903 1458 1130 1488 PHAEDRIA
1164 1458 1302 1487 mnnx
1333 1457 1500 1487 NOSTER
1532 1446 1639 1486 bene
1673 1447 1858 1486 ‘iudex’:
1892 1448 1944 1487 ad
1971 1447 2095 1486 illum

509 1526 624 1565 enim
668 1525 868 1564 mulieris
910 1525 1028 1564 dicta
1069 1528 1138 1563 est
1170 1524 1392 1563 sententia
1424 1524 1583 1573 (1045),
1619 1525 1681 1571 ut,
1716 1533 1814 1562 cum
1847 1523 1910 1562 ita
1939 1524 2096 1572 agitur,

507 1604 604 1641 tuta
630 1602 721 1641 sint
747 1602 896 1641 omnia
922 1603 1105 1649 marito;
1134 1610 1238 1640 nam
1265 1599 1446 1639 ridicule
1466 1600 1570 1638 dicit
1588 1610 1650 1649 ea,
1671 1610 1782 1648 quae
1801 1600 1974 1639 irritata
1990 1602 2099 1639 erat.

567 1680 586 1717 1
633 1689 770 1717 innssx
810 1688 975 1717 nosrfflz
1011 1677 1122 1716 nihil
1154 1676 1343 1716 facetius
1375 1686 1507 1723 quam
1539 1675 1729 1715 iudicem
1763 1676 1857 1725 capi
1889 1676 2102 1715 adversus

509 1755 675 1794 crimen
717 1756 925 1803 paternae
969 1753 1211 1802 voluptatis
1244 1754 1287 1792 et
1317 1755 1565 1792 amatorem
1598 1751 1737 1791 filium
1770 1755 1814 1791 et
1843 1752 2098 1792 fratruelem

509 1831 786 1880 Antiphonis,
831 1831 899 1870 cui
943 1830 1080 1869 nubet
1121 1829 1284 1869 furtiva
1324 1828 1426 1868 filia.
1471 1829 1496 1867 2
1529 1839 1665 1868 monx
1696 1839 1862 1868 nos'rmz
1892 1829 2099 1868 terribilis

509 1908 677 1947 scilicet
719 1917 873 1947 censor
910 1909 1195 1956 paternarum
1226 1905 1497 1954 deliciarum,
1533 1905 1656 1944 vides
1686 1905 1821 1954 igitur
1851 1905 1922 1944 hic
1953 1915 2096 1945 conse-
2152 1907 2154 1909 ’
2216 1896 2218 1900 ’

509 1985 659 2023 datam
692 1984 844 2023 uxoris
874 1983 1163 2022 iracundiam.
