2242 3443
292 233 460 261 Annam
1132 223 1218 260 240

368 354 554 380 scaenae.
585 355 686 388 quae
718 345 808 380 huic
838 344 1069 388 disciplinae
1098 345 1308 390 appositae
1341 346 1458 381 erant
1478 344 1520 388 ¹),
1548 344 1746 393 rhetorice
1769 345 1809 381 in
1828 355 1949 381 usum
1966 344 2057 382 tiro-

369 416 467 442 num
503 406 825 442 illustrabantur.
856 409 961 442 Sunt
992 406 1089 442 haec
1119 407 1235 443 modo
1265 407 1418 450 brevia,
1444 407 1615 443 duorum
1632 407 1809 444 triumve
1823 408 2058 453 verborum,

371 469 486 503 inodo
527 469 709 511 longiora
742 471 779 503 e't
810 469 1007 513 doctiora;
1039 469 1076 503 in
1116 468 1357 512 quibusdam
1395 468 1552 505 scaenis
1591 469 1818 513 abundant,
1849 469 1889 504 in
1919 468 2059 505 multis

372 539 539 574 prorsus
568 531 729 565 desunt.

423 592 649 636 Separatim
687 592 856 627 tractavi
889 591 1040 627 scholia
1071 592 1275 628 rhetorica
1304 593 1350 627 ad
1380 591 1647 637 prologos,
1678 592 1716 628 in
1747 593 1896 637 quibus
1925 594 2061 630 orator

369 654 488 698 vulgo
519 656 654 698 partes
685 655 770 697 agit
799 654 1022 690 defensoris
1054 654 1213 690 Terenti
1243 656 1384 690 contra
1413 654 1603 690 Luscium
1620 654 2061 700 Lanuvinum.Hipro·

371 716 450 759 logi
492 716 615 759 igitur
656 716 856 760 aptissimi
901 718 1018 751 erant
1055 718 1104 752 ad
1143 717 1242 752 artis
1270 717 1381 752 initia
1412 717 1612 752 tironibus
1641 717 1849 753 tradenda.
1879 716 2061 753 Donatus

372 780 508 813 tamen
545 778 731 822 prologos
762 778 959 814 rhetorice
989 789 1068 814 non
1101 779 1310 822 tractavit,
1341 781 1383 814 ut
1414 779 1452 814 in
1483 779 1655 823 singulis
1685 780 1973 815 demonstravi.
2002 778 2061 814 Ex

372 840 546 876 Andriae
575 841 622 875 ad
653 840 866 884 prologum
896 840 1058 876 ¹scholiis
1088 841 1122 876 ei
1152 840 1450 876 concedendum
1484 843 1546 876 est
1575 842 1740 876 tantum
1774 840 2059 885 1.2;reliqua:

374 903 408 937 1.
444 903 475 937 1.
507 902 542 943 4,
573 904 608 938 6.
641 901 676 945 3,
710 903 743 938 7.
775 903 810 937 4.
843 903 879 946 5,
911 903 933 938 8
978 902 1012 947 6,
1044 904 1080 938 9.
1115 903 1147 946 1,
1180 904 1241 938 18.
1269 902 1303 944 2,
1329 903 1392 938 22.
1419 902 1454 947 6,
1479 903 1540 939 24.
1565 902 1601 945 6,
1624 903 1686 939 25.
1708 903 1832 938 laliis
1849 903 2058 939 debentur.

323 965 341 1000 1
427 964 449 999 7
489 963 672 999 Donatus
710 963 922 1000 lectionem
952 964 1103 1000 variam
1134 964 1309 1000 indicare
1337 964 1440 1000 solet
1469 966 1579 1000 certa
1607 964 1778 1001 formula
1807 964 1968 1009 ‘legitur
1995 965 2062 1010 et',

373 1028 413 1062 et
442 1026 534 1069 quid
563 1029 625 1061 est
655 1026 843 1061 ‘secunda
872 1026 1033 1062 lectio’?
1058 1026 1154 1070 Ipsa
1182 1029 1319 1062 autem
1348 1026 1467 1063 lectio
1499 1027 1654 1071 ‘apulit'
1682 1027 1802 1062 nimis
1818 1027 1959 1072 inepta
1985 1029 2063 1063 est.

373 1088 539 1132 (‘Magis’
570 1089 813 1132 usurpatum
844 1090 887 1124 ut
918 1088 1006 1124 474.
1038 1088 1081 1124 3:
1111 1089 1181 1124 sed
1212 1088 1446 1124 adverbium
1476 1089 1607 1133 magis
1636 1091 1711 1125 est.
1729 1088 1783 1125 Cf.
1814 1088 1902 1125 742.
1921 1088 1956 1132 2,
1972 1087 2060 1125 753.

377 1151 410 1195 1,
440 1150 528 1195 868,
559 1150 624 1192 al.)
651 1150 855 1186 Scholium
885 1151 1009 1195 igitur
1037 1151 1138 1186 satis
1168 1152 1420 1195 suspectum.

320 1212 343 1248 2
428 1223 451 1246 α
488 1221 580 1248 cum
618 1212 893 1248 additamento
932 1214 1025 1248 ‘non
1058 1213 1217 1256 labore',
1248 1222 1437 1257 compara
1466 1212 1612 1248 similia
1642 1222 1738 1248 mox
1769 1212 1792 1249 3
1824 1213 1885 1248 la
1915 1214 1956 1249 et
1985 1211 2060 1249 3a.

373 1273 472 1310 Vide
501 1283 602 1318 quae
630 1275 677 1309 de
706 1274 993 1310 additamentis
1021 1274 1227 1319 disputavi
1254 1274 1292 1309 in
1326 1274 1574 1319 praefatione
1604 1284 1640 1319 p.
1671 1284 1740 1310 xx.

322 1337 345 1373 3
429 1336 452 1372 2
481 1337 528 1372 de
565 1335 776 1381 syllempsi
814 1336 1055 1380 reliquisque
1084 1336 1211 1381 tropis
1241 1338 1281 1372 et
1312 1336 1451 1380 figuris
1481 1336 1522 1372 in
1551 1337 1782 1372 commento
1810 1336 1946 1372 citatis
1975 1336 2064 1373 vide

375 1398 692 1443 disputationem
721 1399 760 1433 in
791 1398 868 1434 fine
896 1398 1018 1434 huius
1047 1398 1248 1434 editionis.

323 1460 347 1496 4
431 1459 495 1495 2a
536 1459 733 1496 emblema
771 1460 930 1496 notavit
967 1458 1229 1505 Wessner²);
1262 1463 1325 1496 est
1353 1460 1578 1497 differentia
1605 1460 1719 1505 falsa,
1749 1459 1797 1496 cf.
1823 1460 1969 1497 Mnem.
2000 1460 2062 1498 32.

379 1521 467 1558 214.
495 1522 616 1558 Iunxi
644 1522 767 1558 schol.
798 1522 980 1558 Donatea
1011 1523 1029 1557 1
1061 1524 1099 1558 et
1131 1522 1165 1558 2.

323 1586 347 1621 6
431 1584 492 1620 2α
531 1585 578 1620 de
617 1584 778 1620 scholiis
808 1584 953 1620 Donati
982 1585 1266 1621 adnotationes
1295 1585 1543 1629 augentibus
1573 1595 1644 1630 per
1671 1583 1891 1630 particulas
1920 1593 2063 1632 ergo,

379 1656 508 1691 nam,
539 1646 583 1681 id
614 1648 712 1691 est,
743 1648 847 1690 aut,
878 1646 976 1691 vel,
1007 1648 1113 1692 sed,
1143 1649 1218 1683 etc.
1251 1648 1340 1683 vide
1370 1648 1446 1683 Mn.
1477 1647 1540 1683 32.
1571 1646 1794 1684 287—322.

326 1709 345 1746 7
434 1709 452 1744 1
491 1708 537 1744 cf.
576 1708 677 1744 Don.
717 1709 764 1744 ad
794 1709 894 1744 Eun.
927 1708 1014 1745 688.
1046 1709 1082 1745 4.
1181 1709 1205 1745 2
1233 1710 1430 1746 scholium
1461 1711 1631 1755 mirum;
1663 1710 1798 1754 ‘atque
1825 1708 1925 1745 ideo’
1953 1707 2064 1752 inep—

376 1772 477 1806 tum.
507 1771 584 1807 Mn.
614 1770 675 1806 32.
707 1770 782 1806 219
811 1781 869 1815 sq.
954 1771 989 1807 3.
1020 1771 1042 1807 9
1073 1771 1127 1808 De
1151 1772 1324 1808 formula
1348 1773 1558 1818 ‘non-sed‚’
1584 1772 1700 1808 alicui
1726 1771 1924 1815 magistro
1947 1768 2063 1806 caris·

377 1833 492 1875 sima,
537 1833 624 1868 vide
652 1833 729 1868 Mn.
761 1832 822 1868 32.
854 1833 931 1869 242
959 1843 1041 1877 sqq.
1073 1834 1244 1878 Sumpta
1272 1836 1336 1870 est
1364 1844 1464 1870 sane
1492 1844 1514 1870 a
1545 1835 1714 1879 Donato,
1742 1834 1809 1878 qui
1837 1841 1927 1869 eam
1955 1831 2065 1868 iuste

378 1894 561 1931 adhibuit
600 1894 661 1930 60.
696 1895 728 1940 1,
762 1894 848 1931 135.
882 1896 916 1938 1,
950 1895 1036 1932 145.
1068 1895 1102 1940 6,
1133 1895 1222 1932 439.
1255 1896 1290 1941 2,
1320 1896 1368 1932 al.
1454 1897 1489 1932 4.
1521 1896 1556 1933 5.
1588 1896 1623 1932 7.
1653 1896 1676 1933 8
1706 1896 1794 1932 vide
1822 1896 1870 1931 de
1899 1893 2063 1931 scholiis

376 1957 479 1993 rhet.
509 1957 555 1992 ad
587 1966 623 1992 V.
656 1957 690 1992 1.

325 2020 349 2056 8
432 2018 455 2055 3
493 2019 652 2054 notavit
690 2018 904 2064 Wessner;
947 2019 1109 2064 corrigit
1138 2020 1360 2056 scholiasta
1391 2021 1616 2065 Donatum,
1647 2019 1714 2064 qui
1742 2019 1783 2055 in
1814 2018 1839 2055 2
1867 2018 2062 2063 vitupe-

377 2090 490 2117 rare
533 2082 574 2116 et
616 2081 747 2117 vitio
791 2082 909 2117 dare
948 2091 1029 2117 non
1068 2082 1266 2118 distinxit.
1306 2082 1423 2118 Unus
1461 2082 1729 2127 interpolator
1766 2090 1858 2118 esse
1886 2080 2062 2124 videtur,

378 2143 443 2187 qui
481 2142 821 2178 differentias
860 2145 899 2179 et
939 2144 1213 2179 verborum
1253 2144 1604 2181 definitiones
1643 2143 1838 2189 ingessit,
1877 2151 2061 2187 mancaS,

375 2205 512 2247 falsas,
554 2205 733 2249 ineptas,
777 2205 824 2241 ab
866 2205 956 2250 ipso
990 2205 1226 2250 plerumque
1264 2207 1472 2252 inventas,
1511 2216 1612 2251 quas
1649 2205 1840 2250 indicavi,
1879 2205 1984 2248 quod
2014 2204 2062 2240 ad

377 2267 570 2303 Andriam
608 2267 801 2311 pertinet,
840 2268 917 2303 Mn.
957 2267 1008 2304 32
1046 2278 1081 2313 p.
1122 2268 1344 2307 214—245.
1387 2269 1442 2304 De
1480 2269 1556 2304 hoc
1585 2269 1708 2304 verbo
1737 2267 1893 2304 Nonius
1932 2276 1969 2311 p.
2000 2264 2062 2302 39.

381 2330 447 2365 14;
479 2329 732 2374 ‘vituperare
761 2330 911 2365 dictum
942 2332 1006 2366 est
1035 2330 1132 2366 vitio
1157 2331 1268 2375 dare,
1294 2333 1501 2375 tamquam
1527 2331 1667 2376 culpae
1690 2330 1755 2367 vel
1778 2328 2063 2374 displicentiae.

377 2391 591 2428 Terentius
622 2390 673 2435 (V.
705 2390 728 2426 8
757 2393 797 2427 et
826 2402 864 2427 v,
898 2392 984 2435 15)‘.
1014 2392 1102 2428 Non
1128 2392 1264 2428 minus
1290 2394 1481 2429 audacter
1503 2393 1770 2438 interpolator
1793 2392 1880 2437 ipse
1894 2390 2064 2427 finxisse

379 2453 537 2489 videtur
574 2452 843 2489 differentiam
872 2454 912 2488 in
941 2455 1194 2499 praecedenti
1223 2465 1345 2491 versu
1377 2455 1414 2491 7.
1444 2455 1480 2499 3,
1508 2465 1600 2491 cum
1628 2456 1668 2491 in
1697 2453 1939 2491 Tusculanis
1967 2451 2064 2488 nihil

379 2514 579 2551 eiusmodi
606 2514 786 2559 legatur;
816 2515 862 2551 cf.
894 2515 955 2552 28.
987 2516 1047 2551 401
1133 2516 1183 2551 711
1208 2517 1286 2552 Mn.
1313 2516 1374 2552 32.
1401 2516 1489 2552 220.
1507 2516 1552 2552 cf.
1570 2517 1670 2553 Don.
1686 2517 1747 2553 ad.
1763 2516 1867 2552 Eun.
1884 2515 1982 2561 prol.
1998 2514 2062 2550 44.

300 2578 350 2614 10
433 2577 456 2613 2
480 2576 683 2613 Scholium
698 2576 915 2612 insulsum.
1000 2578 1093 2614 4De
1109 2579 1271 2614 scholiis
1287 2588 1357 2623 per
1386 2579 1533 2614 deest
1561 2579 1651 2615 vide
1666 2577 1823 2615 Mn.32.
1841 2575 2062 2614 300—307.

299 2641 347 2675 11
433 2638 456 2675 3
485 2638 585 2674 Vide
614 2638 896 2683 Fairclough2)
926 2641 972 2675 ad
1003 2640 1041 2675 h.
1059 2650 1095 2675 v.
1113 2650 1149 2685 p.
1167 2640 1229 2676 72.
1316 2638 1381 2682 14)
1412 2646 1453 2676 et
1483 2640 1545 2676 2a
1575 2642 1762 2686 pugnant
1790 2650 1882 2691 cum
1909 2638 2061 2677 Don.3.

390 2789 413 2832 ¹)
440 2787 664 2823 Praesertim
693 2787 860 2822 Andriae
884 2790 919 2822 et
946 2787 1127 2832 Hecyrae,
1151 2800 1248 2833 quae
1275 2788 1394 2824 schol.
1419 2789 1514 2824 rhet.
1539 2789 1681 2825 habent
1713 2789 1860 2825 circiter
1881 2788 1926 2825 70
1948 2790 1987 2824 et
2007 2788 2063 2829 95,

300 2841 510 2900 Eunuchus
537 2840 592 2881 21,
628 2840 792 2884 Adelphi
824 2840 878 2880 20,
904 2840 1081 2876 Phormio
1102 2841 1156 2875 45.
1191 2841 1232 2876 In
1259 2841 1396 2876 Mnem.
1420 2842 1458 2876 ll.
1482 2855 1518 2887 p.
1540 2842 1608 2878 9229
1631 2855 1714 2887 sqq.
1739 2842 1893 2886 singula
1917 2841 2062 2877 scholia

299 2906 764 2991 exangnssglemblematis
796 2948 834 2981 et
867 2946 1140 2982 additamentis
1171 2960 1192 2982 a
1222 2947 1426 2983 Wessnero
1450 2949 1487 2983 in
1514 2948 1681 2984 editione
1706 2948 1901 2984 inclinatis
1924 2947 2062 2984 litteris

300 3001 490 3045 expressis
516 3000 602 3035 vide
623 2999 896 3044 praefationem
921 3012 956 3044 p.
980 3012 1029 3034 xx
1053 3000 1140 3035 adn.

390 3054 415 3097 ³)
442 3053 483 3088 ln
508 3054 566 3088 ed.
590 3053 757 3087 Andriae
783 3052 879 3092 1904,
906 3052 1049 3088 Boston
1075 3055 1112 3088 et
1135 3053 1314 3098 Chicago.

390 3109 416 3149 ⁴)
443 3106 482 3140 In
507 3108 613 3141 textu
638 3119 672 3150 p.
698 3106 719 3139 3
742 3118 808 3150 pro
834 3106 847 3139 1
877 3117 943 3140 SED
967 3118 1091 3140 TAMEN
1116 3106 1258 3150 corrige
1282 3106 1304 3140 2
1327 3118 1395 3141 SED
1418 3118 1553 3142 TAMEN.
