2242 3443
299 251 355 277 XX
1048 247 1302 275 PRAEFATIO.

295 366 464 403 institui
507 369 635 412 atque
676 366 717 402 in
762 363 1130 402 Adnotationibus
1173 362 1362 401 breviter
1403 362 1479 400 sed
1513 363 1625 401 satis
1657 362 1799 413 plane,
1836 365 1883 402 ut
1914 374 2056 412 spero,

296 442 525 479 declaravi.
573 442 775 478 Ceterum
825 440 937 477 infra
983 439 1026 476 in
1076 438 1360 477 adnotatione
1382 433 1410 488 ¹)
1455 438 1621 477 scholia
1661 439 1894 488 praecipua
1936 439 2060 478 iuxta

298 518 437 564 posita
470 520 543 554 aut
577 517 774 565 opposita
813 515 1058 564 composui,
1093 515 1129 553 si
1163 515 1231 553 cui
1259 515 1312 553 ad
1340 524 1392 553 ea
1423 514 1627 564 exempla
1653 515 1693 554 id
1721 515 1835 563 quod
1863 515 2060 564 perhibui

295 595 470 640 exigere
503 592 650 631 nbeat.

415 669 518 707 Post
565 668 731 707 scholia
778 668 941 706 similia
983 670 1060 705 aut
1100 667 1394 715 discrepantia
1436 667 1479 706 in
1522 667 1575 706 iis
1616 667 1808 716 indiciis,
1849 676 1959 715 quae
1989 676 2057 706 su-

298 756 372 793 pra
419 745 671 783 enumeravi
714 755 752 793 p.
792 755 833 793 v,
883 744 1109 783 nominavi
1158 742 1502 783 emblemata
1559 745 1602 782 et
1664 743 2059 783 additamenta

296 822 507 869 inepta,
557 830 740 868 quorum
775 823 872 869 post
905 820 1013 858 alios
1046 818 1342 858 Sabbadinius
1373 821 1418 858 et
1452 815 1760 864 Wessnerus2)
1795 820 1883 858 iam
1917 818 2060 858 multa

296 901 572 935 notaverunt.
607 898 717 935 Sunt
752 897 879 944 vulgo
913 895 1061 935 brevia
1095 898 1138 934 et
1168 895 1378 934 Donateis
1411 896 1583 935 adnexa
1610 906 1685 944 per
1713 895 1955 945 particulas
1982 897 2061 935 aut

298 984 370 1021 per
402 973 631 1021 formulas,
667 974 715 1011 id
751 975 852 1020 est,
889 973 1063 1021 deest,
1099 971 1464 1021 subauditur,
1496 971 1766 1020 abundat,
1798 972 1898 1012 alia.
1918 971 2058 1021 Quam

295 1049 537 1096 frequentia
584 1050 674 1087 sint
722 1049 850 1088 docui
897 1049 1001 1087 olim
1046 1049 1090 1087 in
1135 1048 1294 1087 Mnem.
1339 1049 1409 1087 32.
1453 1049 1687 1088 287—307
1723 1049 1774 1088 de
1806 1051 2059 1088 commento

299 1125 484 1163 Andriae
506 1120 532 1169 3)
576 1128 617 1163 et
660 1125 745 1163 ibid
784 1126 852 1164 35.
887 1126 972 1163 404
1007 1135 1098 1173 qu.
1133 1124 1247 1170 (=1.
1281 1135 1317 1163 s.
1349 1124 1376 1163 l.
1410 1135 1449 1174 p.
1489 1126 1570 1164 153
1605 1129 1715 1173 sqq.)
1749 1125 1800 1164 de
1832 1125 2060 1165 Eunucho.

296 1200 379 1239 Cur
420 1201 592 1249 singula
624 1212 736 1240 nune
768 1202 1093 1250 damnaverim,
1128 1202 1172 1240 in
1205 1201 1593 1250 AdnotationibuS,
1629 1205 1846 1249 quantum
1879 1211 2060 1240 necesse

298 1279 406 1324 ciat,
435 1278 603 1326 aperui;
631 1278 741 1316 ratio
770 1281 937 1326 autem,
968 1288 1100 1326 quam
1119 1280 1299 1317 secutus
1325 1287 1445 1326 sum,
1481 1277 1633 1316 eadem
1666 1279 1755 1326 est,
1791 1287 1901 1326 quae
1932 1277 2061 1316 duxit

298 1354 414 1391 viros
441 1354 590 1392 doctos
619 1354 744 1393 modo
762 1355 1026 1404 nominatos
1045 1355 1308 1393 damnantes
1327 1364 1389 1404 ea,
1409 1364 1519 1402 quae
1537 1353 1862 1402 interpolatoris
1879 1363 2061 1393 manum

297 1434 339 1467 et
367 1430 591 1477 ingenium
620 1431 752 1469 nimis
780 1432 928 1478 aperte
957 1432 1253 1471 ostenderent.
1276 1430 1370 1469 Non
1389 1430 1440 1469 de
1457 1430 1631 1477 multis,
1653 1430 1796 1478 credo,
1817 1430 1892 1469 sed
1909 1432 2063 1469 tamen

297 1505 348 1543 de
391 1505 606 1553 aliquibus
648 1508 797 1555 erunt,
837 1507 905 1554 qui
942 1506 1068 1546 aliter
1099 1507 1376 1555 iudicabunt;
1412 1517 1491 1555 ego
1524 1516 1673 1545 meum
1707 1516 1805 1545 esse
1837 1507 1945 1546 duxi
1975 1517 2061 1546 non

298 1582 430 1619 nimis
471 1582 600 1620 anxie
642 1582 930 1632 proscribere,
974 1583 1177 1632 quicquid
1222 1583 1346 1622 Aelio
1388 1582 1670 1631 probabiliter
1712 1583 1934 1632 adsignari
1976 1593 2062 1622 non

299 1667 424 1705 posse
458 1658 701 1697 videbatur.

391 1894 411 1934 ¹)
440 1893 533 1928 Vide
564 1894 680 1938 igitur
710 1895 992 1931 Adnotationes
1022 1897 1069 1932 ad
1102 1896 1246 1932 scholia
1272 1896 1403 1931 horum
1429 1909 1622 1932 versuum:
1646 1896 1846 1932 Andria:
1870 1897 1903 1932 8.
1929 1898 1982 1933 11.
2010 1897 2063 1932 12.

303 1946 354 1979 13.
386 1947 437 1981 16.
470 1946 512 1980 24
544 1960 599 1991 sq.
630 1948 674 1982 36
706 1961 761 1992 sq.
793 1949 846 1983 49.
877 1950 933 1984 83.
966 1950 1020 1985 93.
1045 1949 1123 1986 102.
1151 1950 1203 1984 17.
1226 1949 1279 1984 28.
1304 1949 1358 1984 32.
1383 1950 1438 1984 39.
1463 1949 1508 1984 45
1531 1962 1586 1994 sq.
1611 1949 1666 1985 75.
1689 1949 1743 1985 79.
1767 1949 1822 1984 88.
1846 1949 1901 1985 94.
1926 1951 2006 1986 200.
2030 1953 2062 1986 4.

299 1999 353 2033 34.
385 1998 437 2033 52.
466 1999 518 2034 74.
545 2000 598 2035 77.
621 2001 674 2036 79.
699 2003 754 2036 81.
781 2003 859 2039 303.
887 2004 939 2037 15.
963 2003 1018 2038 34.
1042 2004 1097 2039 54.
1123 2003 1177 2038 72.
1201 2003 1255 2038 81.
1279 2003 1324 2038 98
1349 2015 1406 2047 sq.
1429 2002 1513 2038 410.
1538 2003 1591 2037 17.
1615 2003 1671 2038 29.
1696 2003 1751 2038 55.
1777 2003 1833 2038 60.
1858 2003 1912 2038 69.
1936 2003 1982 2039 86
2005 2015 2061 2048 sq.

300 2051 377 2087 516.
409 2051 462 2086 72.
493 2053 547 2087 96.
579 2053 657 2089 611.
689 2055 745 2102 29.
774 2056 819 2090 39
843 2068 900 2100 sq.
924 2056 979 2090 41.
1003 2056 1083 2091 707.
1111 2056 1165 2090 18.
1186 2056 1240 2091 20.
1266 2055 1320 2090 23.
1344 2055 1399 2090 26.
1424 2055 1503 2092 853.
1527 2056 1582 2091 65.
1608 2055 1662 2090 72.
1686 2055 1740 2090 76.
1765 2055 1844 2091 906.
1869 2055 1923 2090 26.
1947 2055 2002 2091 67.

390 2104 658 2141 Eunuchus.-
684 2107 714 2141 7.
743 2108 793 2142 15.
819 2108 863 2143 23
887 2121 943 2153 sq.
969 2109 1013 2144 54
1039 2121 1093 2153 sq.
1118 2109 1173 2144 65.
1198 2109 1243 2143 84
1267 2120 1323 2152 sq.
1347 2108 1401 2143 98.
1428 2108 1508 2144 104.
1535 2108 1587 2143 16.
1611 2108 1666 2143 39.
1690 2108 1746 2142 43.
1769 2107 1824 2143 47.
1848 2109 1903 2144 50.
1927 2109 1982 2144 68.
2007 2109 2062 2144 71.

300 2156 354 2191 95.
385 2158 440 2192 98.
471 2158 550 2194 200.
576 2159 620 2192 23
645 2172 700 2204 sq.
724 2160 778 2195 36.
802 2161 856 2196 56.
880 2162 932 2195 63Δ
961 2162 1030 2198 317
1055 2175 1110 2207 sq.
1133 2161 1187 2197 25.
1211 2162 1266 2197 36.
1289 2161 1344 2197 58.
1369 2161 1424 2196 71.
1447 2162 1501 2196 88.
1526 2162 1581 2197 93.
1605 2161 1688 2197 404.
1712 2162 1745 2197 9.
1772 2161 1824 2196 12.
1849 2162 1904 2197 30.
1928 2162 1982 2197 63.
2006 2162 2061 2198 66.

300 2210 354 2244 85.
385 2211 439 2245 96.
472 2212 549 2247 554.
581 2213 625 2247 62
657 2226 712 2257 sq.
742 2214 796 2248 88.
821 2215 876 2249 90.
900 2214 981 2251 608.
1005 2215 1060 2250 37.
1084 2216 1139 2251 66.
1163 2216 1218 2250 69.
1241 2216 1296 2250 85.
1325 2215 1379 2250 88.
1405 2215 1485 2251 712.
1509 2215 1564 2250 69.
1589 2215 1643 2249 74.
1666 2214 1720 2250 82.
1745 2215 1800 2250 85.
1824 2215 1879 2250 89.
1904 2215 1983 2251 809.
2006 2215 2062 2251 23.

302 2262 344 2297 49
367 2275 422 2307 sq.
446 2263 502 2298 77.
526 2265 580 2299 84.
606 2266 684 2301 962.
712 2267 816 2303 1059.
842 2267 895 2302 79.
917 2268 973 2303 81.
997 2269 1051 2303 94.

389 2318 415 2359 ²)
440 2316 479 2351 In
509 2319 739 2364 praefatione
764 2333 799 2364 p.
825 2320 961 2356 XLVII
986 2321 1079 2357 haec
1103 2322 1236 2357 habet:
1262 2322 1470 2357 ‘Inclinatis
1491 2323 1615 2356 autem
1643 2321 1779 2356 litteris
1803 2321 1909 2357 reddi
1934 2333 1979 2356 ea
1999 2322 2063 2358 im-

301 2368 432 2412 primis
457 2371 569 2411 volui,
591 2373 730 2416 quibus
755 2374 943 2418 integrum
969 2375 1155 2410 scholium
1182 2376 1220 2410 in
1245 2375 1341 2410 duas
1366 2375 1425 2410 vel
1451 2375 1575 2419 plures
1600 2377 1731 2419 partes
1756 2374 1955 2410 disiectum
1979 2388 2064 2411 esse

302 2421 513 2464 videbatur:
546 2425 605 2460 hic
637 2426 712 2461 illic
741 2427 853 2462 etiam
878 2441 994 2472 parva
1019 2428 1280 2464 additamenta
1303 2428 1433 2464 eodem
1460 2430 1631 2473 typorum
1657 2441 1795 2472 genere
1819 2429 2064 2473 exprimenda

302 2476 449 2511 curavi'.
475 2477 528 2512 Ex
554 2490 596 2512 eo
621 2479 721 2523 quod
747 2480 894 2515 scribit:
922 2481 1007 2516 ‘hic
1035 2482 1138 2517 illie
1162 2494 1279 2526 parva
1299 2481 1583 2521 additammta’,
1606 2493 1652 2516 ne
1677 2481 1765 2525 quis
1778 2480 1916 2516 efficiat
1931 2481 2062 2517 horum

303 2540 495 2564 numerum
531 2531 709 2566 minorem
747 2545 830 2568 esse
863 2546 974 2577 quam
1006 2534 1284 2576 emblematum,
1316 2535 1412 2570 sciat
1439 2533 1681 2569 Wessnerum
1706 2534 1812 2569 iuxta
1837 2534 2063 2570 emblemata

303 2594 367 2625 per
399 2584 518 2618 totum
551 2588 799 2621 commentum
835 2586 944 2627 LXX,
976 2587 1237 2623 additamenta
1269 2590 1424 2624 notasse
1458 2586 1600 2622 CLXX.
1627 2586 1682 2622 De
1707 2586 1946 2633 emblematis
1970 2587 2063 2624 iudi-

303 2635 396 2669 cium
423 2647 498 2670 non
523 2637 621 2678 tulit,
647 2641 824 2673 essentne.
849 2639 1012 2674 fortasse
1040 2641 1217 2683 genuina,
1242 2641 1279 2675 in
1302 2640 1447 2675 scholia
1467 2639 1638 2674 Donatea
1659 2652 1748 2674 casu
1762 2640 1925 2684 quodam
1940 2642 2063 2676 trans·

304 2688 444 2732 posita;
471 2690 534 2733 qui
569 2703 653 2724 vero
679 2705 721 2726 ea
745 2693 998 2736 persequitur,
1025 2694 1170 2729 videbit
1192 2706 1236 2728 ea
1260 2693 1307 2728 ad
1332 2706 1447 2728 unum
1472 2693 1600 2728 omnia
1623 2693 1846 2739 posterioris
1867 2705 1978 2729 curae
2001 2694 2066 2730 ali-

304 2740 409 2775 cuius
440 2741 604 2777 hominis
630 2743 769 2779 indicia
794 2745 890 2779 satis
916 2747 1016 2780 certa
1039 2758 1130 2790 prae
1154 2758 1194 2780 se
1219 2746 1324 2780 ferre.
1349 2745 1457 2787 Quod
1483 2747 1609 2780 autem
1635 2745 1898 2781 additamenta
1925 2746 1990 2781 illa
2014 2748 2067 2782 at-

306 2793 410 2833 tinet,
436 2807 516 2829 cum
542 2795 645 2830 nullo
669 2799 863 2831 externo
889 2797 1030 2833 indicio
1056 2811 1140 2833 sese
1167 2801 1390 2838 monstrent,
1415 2797 1490 2833 alia
1515 2797 1559 2832 de
1581 2810 1696 2833 causa
1716 2799 1828 2833 aviro
1843 2799 2065 2835 doctissimo

305 2848 434 2881 notata
465 2860 548 2883 esse
573 2861 647 2883 non
673 2852 890 2894 potuerunt,
914 2851 987 2886 nisi
1013 2852 1112 2896 quod
1139 2851 1173 2887 ei
1198 2851 1312 2886 nimis
1335 2851 1466 2896 inepta
1486 2863 1570 2886 esse
1594 2850 1822 2886 viderentur.
1848 2851 2063 2888 Affirmabit

305 2899 446 2941 opinor,
472 2912 566 2943 quae
592 2901 680 2941 dixi,
706 2902 769 2945 qui
794 2904 1064 2947 comparaverit
1086 2904 1207 2948 prima
1226 2904 1355 2939 statim
1376 2903 1600 2938 embiemata
1613 2902 1829 2939 Wessneri:
1850 2904 1902 2939 16.
1917 2904 2017 2944 1,25.
2028 2906 2063 2948 3,

305 2951 357 2984 28.
383 2952 412 2984 4.
437 2953 469 2991 6,
491 2952 544 2987 40.
568 2954 600 2992 3,
625 2954 677 2988 55.
707 2955 734 2989 1.
757 2957 788 2994 3.
815 2956 868 2990 75.
891 2957 912 2989 3
939 2959 976 2991 et
1000 2958 1054 2991 sic
1079 2969 1199 3000 porro,
1224 2969 1306 2992 cum
1331 2956 1563 2992 addimentis
1594 2956 1781 2992 eiusdem:
1816 2957 1870 2991 24.
1894 2957 1926 2997 2,
1950 2957 2005 2993 29.
2033 2959 2062 3000 1,

305 3004 358 3036 30.
387 3004 415 3037 1.
438 3005 471 3042 5,
493 3005 547 3039 55.
571 3006 602 3042 5.
626 3007 679 3042 56.
703 3007 734 3043 2.
759 3008 813 3042 62.
837 3008 867 3048 2,
892 3010 946 3044 69.
971 3011 1002 3049 4,
1024 3011 1080 3044 81.
1107 3012 1122 3045 1
1148 3013 1217 3045 etc.
1245 3010 1298 3046 Cf.
1324 3010 1346 3044 1.
1370 3022 1400 3045 s.
1425 3009 1449 3043 l.
1473 3021 1508 3056 p.
1532 3008 1554 3043 2
1579 3021 1634 3053 sq.

393 3055 417 3098 3)
444 3056 551 3097 Quod
586 3059 698 3094 certis
735 3061 927 3104 magistris
964 3062 1055 3097 haec
1081 3063 1342 3098 additamenta
1373 3063 1460 3097 olim
1492 3062 1698 3098 attribuere
1729 3075 1847 3098 ausus
1871 3075 1966 3104 sum,
1991 3063 2061 3099 hoc

306 3118 404 3142 nunc
429 3110 546 3150 mitto,
570 3112 767 3148 abstinens
793 3115 838 3148 ab
864 3115 964 3149 omni
988 3117 1181 3151 auctorum
1208 3115 1463 3160 indagatione.

2218 1359 2234 1407 '⁴
2217 889 2242 1308 ι,πᾸψιἪώῐεαεψτ-ἰ
2224 759 2242 827 ;-;;.·
