2242 3443
12 3388 24 3443 ·-—.—

146 319 225 355 659

146 397 225 432 660

147 900 222 935 661

154 1127 231 1163 662

154 1357 231 1394 663

156 1509 234 1545 664

158 1814 235 1850 663

156 2036 234 2072 664

160 2169 237 2205 665

162 2322 239 2357 666

166 2778 240 2814 667

168 2932 244 2968 668

999 191 1050 228 81

353 325 540 353 PRIOREM
574 326 672 353 ESSE
705 326 839 353 [rrum
872 316 981 354 mire
1015 318 1173 354 tractat
1207 317 1340 355 etiam
1373 318 1519 364 partes
1553 317 1773 355 Aeschini.

352 391 376 428 2
416 401 545 429 insu
587 402 674 429 'mm
719 390 884 430 ‘iusta’2
929 401 1038 438 quae
1081 393 1280 440 postea
1322 392 1483 430 audisti
1526 402 1656 438 quam
1690 392 1767 430 illa
1799 403 1909 440 quae

297 476 373 515 pro
417 466 598 504 Lemnio
641 466 814 505 dicebas
846 467 989 515 prius;
1025 468 1049 505 3
1084 469 1159 505 aut
1191 468 1229 506 si
1262 468 1342 505 hoc
1374 477 1459 505 non
1492 469 1578 515 est,
1613 478 1772 514 quaere
1811 469 1910 516 quid

296 543 355 581 sit
388 542 588 591 ‘postea’,
625 542 796 581 videtur
827 543 944 581 enim
978 543 1087 581 mihi
1123 542 1301 591 ‘postea’
1336 544 1397 582 sic
1430 543 1663 593 abundare,
1697 546 1912 591 quomodo

296 619 515 657 interdum
545 618 698 657 ‘hodie'
727 619 778 658 de
807 619 1036 658 stomacho
1067 619 1253 657 adicitur
1280 619 1499 667 loquentis
1517 622 1560 659 et
1578 620 1736 669 vulgus
1753 622 1857 661 dicit
1875 623 1913 661 ‘a

297 695 440 733 mane'
474 694 541 734 (cf.
561 695 701 733 Plaut.
721 695 880 743 Amph.
901 696 1000 742 253;
1021 695 1148 734 Most.
1168 696 1267 739 767)
1301 697 1343 734 et
1373 706 1454 735 nos
1487 696 1633 744 ‘quam
1666 695 1767 737 diu'.

473 769 491 803 1
532 778 667 804 NONNE
704 779 811 804 HAEC
849 778 930 804 TIBI
957 779 1077 804 IUSTA
1106 778 1314 805 VIDENTUR
1342 779 1446 815 esse,
1477 770 1511 806 si
1540 771 1604 806 illa
1632 781 1733 815 quae
1760 773 1914 810 amicus

414 824 511 858 tuus
540 824 696 859 dixerat
724 833 845 867 quam
876 824 972 859 baec
1000 823 1189 859 audires?
1206 823 1234 866 ¹)

358 895 377 932 1
413 903 500 932 NoN
533 894 736 933 vultuose
770 894 1143 942 pronuntiandum
1179 894 1308 933 ‘non’.
1344 895 1368 933 2
1396 905 1458 933 AN
1487 905 1624 934 ILLAM
1648 908 1754 937 HINC
1777 909 1916 938 ABDU-

299 980 375 1009 cm·
420 968 548 1008 ‘hinc’
591 972 822 1019 tamquam
866 970 1088 1019 singultus
1130 970 1343 1019 ploraturi
1378 973 1467 1019 est;
1502 981 1605 1011 nam
1638 973 1701 1012 sic
1732 984 1917 1023 pronun-

300 1045 501 1084 tiandum
536 1047 616 1084 est.
653 1046 678 1084 3
711 1057 853 1085 PATER
885 1047 1010 1094 quasi
1045 1046 1126 1085 hoc
1160 1057 1184 1084 a
1216 1046 1493 1095 supplicante
1526 1047 1710 1087 dicatur.

362 1132 540 1161 FAo'rUM
563 1133 593 1161 A
616 1133 740 1162 voms
764 1133 954 1162 DURITER
978 1133 1062 1162 non
1090 1122 1222 1161 ‘dure’
1248 1123 1290 1161 id
1314 1125 1382 1161 est
1415 1124 1660 1174 crudeliter,
1695 1126 1769 1164 sed
1797 1127 1922 1174 quasi

300 1199 407 1238 dura
438 1200 604 1248 mente,
633 1199 716 1238 hoc
744 1201 811 1238 est
839 1198 1088 1247 inflexibili,
1118 1201 1162 1238 et
1187 1199 1299 1246 quod
1318 1199 1472 1238 dicunt
1489 1199 1641 1240 Graeci
1657 1199 1920 1252 <ἀμ>ετα-

301 1275 480 1323 πείστως.

364 1354 383 1391 1
420 1362 920 1398 mmsnmcoRmrERQUE
952 1354 1055 1392 nota
1081 1355 1177 1392 octo
1203 1352 1474 1401 syllabarum
1503 1354 1764 1394 adverbium
1793 1357 1922 1403 atque

302 1429 479 1477 insuper
510 1429 807 1478 compositum
840 1431 885 1468 et
918 1439 1016 1468 cum
1051 1430 1357 1469 coniunctione
1389 1430 1625 1479 prolatum.

307 1505 327 1542 1
362 1514 701 1544 INLIBERALITER
734 1504 918 1556 αὔξησις,
960 1516 1063 1544 nam
1098 1506 1241 1545 multa
1273 1507 1494 1546 duriter
1527 1508 1571 1545 et
1602 1507 1709 1555 iam,
1744 1507 1782 1545 si
1815 1517 1923 1555 opus

304 1581 381 1630 sit,
415 1582 966 1621 immisericorditer
999 1593 1167 1630 quoque
1197 1585 1240 1621 et
1267 1583 1468 1622 facienda
1494 1585 1598 1622 sunt
1625 1585 1668 1622 et
1696 1583 1921 1632 patienda,

303 1658 341 1696 si
382 1658 445 1697 ita
485 1659 598 1697 ratio
641 1660 684 1698 et
727 1669 861 1698 causa
903 1661 1049 1708 cogat,
1094 1661 1143 1698 ut
1184 1670 1270 1699 non
1303 1660 1362 1699 sit
1394 1659 1709 1709 illiberale,
1744 1660 1825 1699 hoc
1857 1662 1925 1699 est

304 1734 470 1773 malum
504 1736 634 1782 atque
666 1735 966 1775 inhonestum.

365 1811 388 1848 2
433 1821 483 1849 ET
526 1821 565 1849 SI
598 1821 674 1849 EST
706 1822 933 1850 DIOENDUM
966 1822 1108 1851 PATER
1139 1822 1276 1851 MAGIS
1308 1822 1476 1851 APERTE
1509 1813 1550 1851 id
1583 1814 1670 1852 est:
1705 1813 1923 1862 apertius,

304 1887 406 1934 quia
447 1887 536 1926 iam
581 1889 782 1936 apertum
824 1888 968 1928 fuerat
1012 1888 1204 1928 ‘duriter'
1248 1891 1290 1929 et
1333 1889 1790 1938 ‘immisericorditer’;
1821 1891 1845 1928 3
1880 1892 1923 1929 et

304 1962 412 2001 bene
443 1963 671 2011 praefatus
692 1966 789 2013 est,
824 1974 877 2003 ne
911 1966 1152 2004 contumax
1183 1966 1397 2005 adversus
1429 1967 1598 2014 patrem
1632 1966 1864 2005 videretur.

476 2037 500 2073 2
532 2047 843 2075 INLIBERALITER
871 2040 1034 2083 iniuste,
1063 2040 1336 2084 inclementer,
1368 2050 1448 2077 non
1478 2041 1591 2086 bene,
1622 2041 1715 2084 quia
1744 2041 1923 2076 libera—

428 2091 492 2127 lis
524 2093 666 2129 bonus.

366 2173 638 2208 QUAMOBREM
681 2164 889 2204 delectari
932 2166 1075 2214 magis
1119 2166 1299 2214 cupiens
1350 2167 1475 2206 Micio
1518 2167 1613 2206 vult
1655 2167 1923 2206 Aeschinum

309 2240 565 2293 protrahere
598 2241 651 2280 ad
683 2241 988 2281 defensionem
1021 2243 1104 2281 sui.

372 2319 391 2355 1
426 2327 536 2356 Foru:
572 2328 704 2357 ANIMI
736 2329 893 2358 MISERO
927 2319 1028 2366 quid
1062 2319 1114 2358 de
1146 2329 1193 2358 se
1225 2319 1325 2368 plus
1351 2320 1532 2368 diceret,
1561 2320 1598 2358 si
1626 2320 1793 2359 factum
1821 2319 1924 2358 fate·

297 2384 459 2433 retur?
503 2395 527 2432 2
572 2404 646 2440 Qui
688 2405 790 2434 ILLA
833 2405 1071 2434 CONSUEVIT
1106 2406 1235 2434 PRIOR
1266 2396 1428 2444 legitur
1460 2398 1504 2434 et
1537 2395 1707 2443 ‘illam’;
1742 2397 1784 2434 et
1815 2395 1925 2434 dice·

309 2470 416 2509 bant
463 2472 637 2510 veteres
683 2471 824 2510 hanc
872 2481 983 2510 rem
1031 2472 1319 2511 consuevi.
1378 2473 1402 2510 3
1450 2472 1504 2510 Et
1549 2471 1823 2522 εὐσχημόνως,
1879 2473 1927 2509 ut

312 2546 496 2585 Plautus
528 2547 703 2596 (Amph.
724 2548 826 2597 490)
853 2548 912 2586 'et
935 2547 1212 2587 clandestina
1239 2550 1288 2586 ut
1314 2547 1479 2587 celetur
1507 2545 1802 2597 consuetudo’,
1832 2549 1857 2585 4
1884 2549 1928 2585 et

310 2622 475 2661 maiore
507 2622 666 2662 affectu
699 2633 785 2661 non
818 2632 1061 2662 amorem
1095 2623 1322 2672 allegavit,
1351 2624 1429 2662 sed
1461 2624 1573 2672 quod
1600 2625 1667 2662 est
1695 2633 1928 2663 commune

312 2709 411 2737 cum
443 2698 569 2738 bonis
602 2701 645 2738 et
677 2700 819 2739 multo
852 2700 1031 2749 iustius,
1067 2700 1551 2739 consuetudinem.

371 2785 444 2820 QUI
476 2786 655 2814 INFELIX
687 2786 772 2814 non
806 2775 908 2823 ‘qui’
941 2776 1017 2814 sed
1046 2775 1134 2824 ‘qui
1162 2776 1329 2815 infelix’
1358 2778 1402 2815 et
1427 2787 1515 2815 non
1544 2771 1686 2814 ‘amet’
1715 2776 1826 2813 dixit
1852 2775 1926 2814 sed

317 2849 490 2890 ‘misere
523 2852 677 2890 amet’:
711 2852 774 2889 ita
806 2851 965 2890 affectu
998 2852 1207 2900 proditur,
1240 2852 1313 2900 qui
1345 2853 1394 2890 ut
1425 2851 1596 2890 alienus
1630 2851 1722 2889 vult
1753 2851 1884 2898 loqui.

375 2928 395 2966 1
432 2937 653 2966 PRAESENS
686 2937 928 2965 PRAESENrr
960 2937 1077 2965 ΕΒιΡι
1105 2928 1319 2966 adiuvant
1345 2926 1710 2975 significationem
1739 2927 1846 2964 haec
1872 2936 1927 2965 ex

166 3088 169 3091 ·
216 3078 238 3120 1)
262 3078 359 3114 Vide
379 3079 551 3115 lacunosi
571 3080 705 3115 scholii
726 3080 1002 3127 supplementa,
1023 3091 1119 3124 quae
1140 3080 1341 3124 temptavit
1356 3079 1548 3118 Wessner,
1567 3077 1657 3112 mihi
1672 3089 1745 3111 non
1759 3076 1928 3121 probata.

207 3145 370 3175 xanaun,
389 3141 480 3169 Com.
498 3140 582 3169 Don.
1788 3138 1822 3164 6·
