2242 3443
290 223 364 250 xiv
1039 218 1295 246 PRAEFATIO.

407 336 628 373 Peculiare
686 345 824 382 genus
871 334 1146 372 constituunt
1194 333 1504 380 magistrorum
1554 333 1723 372 scholia
1773 344 1884 381 quae
1931 334 2047 374 fere

287 411 504 450 similia
526 407 552 453 ¹)
585 410 916 459 appellavimus,
951 419 1137 457 quorum
1172 409 1340 458 species
1373 409 1707 457 distinguendae
1739 412 1843 449 sunt
1874 411 1979 449 tres.

465 498 491 525 a
523 486 791 537 Repetitiones

405 563 589 609 Scholia,
641 563 682 600 in
727 561 882 609 quibus
925 560 1081 599 Donati
1127 561 1258 598 verba
1299 561 1456 608 partim
1477 557 1507 599 21
1542 563 1810 610 repetuntur,
1845 561 2048 610 leguntur

284 641 336 679 ad
384 640 460 678 Ad.
505 639 604 686 507,
650 639 748 683 550,
785 639 885 684 914,
921 632 1078 683 931³);
1115 638 1166 675 ad
1204 637 1306 675 Hec.
1341 637 1410 684 97,
1446 638 1544 684 431,
1580 638 1680 684 448,
1717 638 1816 686 529,
1851 636 1959 685 586;
1994 638 2046 676 ad

284 717 386 754 Pho.
423 715 490 763 23,
526 715 716 761 46—47,
756 714 851 764 103,
890 714 985 760 160,
1021 714 1120 752 350.

463 791 484 828 b
521 787 688 829 Scholia
721 800 738 827 e
773 787 1034 837 lonyiorihus
1067 788 1221 827 Donati
1252 790 1441 827 extracta

405 868 483 906 Ad.
536 868 629 915 101,
684 867 928 905 155-156,
976 866 1075 915 454,
1120 866 1369 910 821—323,
1415 865 1514 913 882,
1560 865 1659 903 983.
1703 866 1807 904 Hec.
1842 866 1912 914 97,
1947 867 2046 914 233,

287 946 370 984 234
405 946 511 984 (tres
544 943 774 992 magistri),
811 943 908 988 267,
945 942 1044 990 431,
1082 942 1179 989 503,
1215 943 1315 980 647.
1346 941 1448 980 Pho.
1478 942 1546 988 49,
1579 942 1648 988 74,
1681 942 1928 994 107-108,
1951 943 2046 989 135,

289 1022 383 1059 163.
418 1021 518 1058 922.
1521 1017 1523 1019 '

463 1107 482 1134 c
527 1092 705 1144 Scholia,
752 1093 794 1132 in
838 1090 990 1141 quibus
1025 1104 1168 1145 pauca
1209 1097 1370 1132 lantum
1418 1091 1569 1132 Donati
1610 1090 1735 1132 verba
1771 1090 1906 1132 relata
1937 1096 2047 1142 sunt,

284 1175 386 1212 dum
422 1170 689 1223 interpolator
722 1168 884 1218 reliqua
919 1169 1090 1208 mutavit
1121 1180 1279 1218 suaque
1311 1168 1490 1220 coqitata
1520 1168 1733 1208 substituit

308 1288 311 1292 ,
405 1249 482 1287 Ad.
518 1249 586 1296 36,
622 1248 690 1295 87,
731 1248 827 1293 149,
864 1248 962 1294 864,
998 1247 1082 1285 894
1117 1247 1247 1286 (891).
1283 1246 1396 1284 Hec.¹
1422 1247 1521 1293 251,
1557 1246 1654 1294 269,
1690 1247 1790 1295 354,
1825 1246 1926 1294 438,
1946 1247 2046 1294 463,

283 1327 381 1371 517,
432 1325 541 1371 878;
590 1324 804 1362 accedunt
850 1324 949 1370 353,
995 1323 1080 1361 492
1125 1333 1169 1361 re
1211 1323 1377 1360 similia
1409 1322 1485 1360 sed
1518 1322 1613 1360 sine
1647 1321 1791 1360 verbis
1824 1321 2047 1363 Donateis.

288 1401 389 1439 Pho.
441 1401 539 1449 234,
588 1399 698 1446 668;
741 1400 951 1444 accedunt
996 1400 1065 1438 63.
1114 1401 1130 1437 1
1178 1398 1249 1436 ubi
1290 1409 1365 1447 per
1398 1398 1608 1446 ambages
1640 1398 1886 1447 explicatur
1919 1399 2046 1438 ‘com-

287 1477 507 1525 pendium'
541 1475 700 1514 Donati
733 1476 772 1523 2,
807 1478 849 1514 et
885 1475 980 1522 121,
1014 1476 1109 1522 131,
1140 1475 1238 1522 315,
1268 1475 1353 1513 362
1383 1475 1419 1512 Α
1446 1475 1516 1512 ubi
1546 1475 1864 1513 contrahuntur
1881 1474 2049 1513 scholia

286 1552 441 1591 Donati
474 1553 526 1590 ad
560 1552 735 1591 eosdem
772 1562 937 1590 versus,
1751 1541 1754 1544 ’

403 1628 640 1667 Duodecim
682 1628 966 1677 repetitiones
1008 1627 1087 1665 sub
1130 1627 1278 1665 littera
1318 1638 1345 1666 a
1381 1627 1598 1674 quomodo
1630 1629 1753 1666 ortae
1784 1628 1828 1667 et
1859 1627 2048 1668 traditae

284 1705 372 1743 sint
409 1705 569 1753 nescio,
604 1704 679 1742 sed
712 1704 910 1752 suspicor
943 1706 1156 1750 auctores,
1190 1705 1266 1741 aut
1297 1703 1484 1741 fortasse
1517 1705 1742 1742 auctorem
1778 1714 1914 1743 unum
1947 1713 2047 1742 eun-

284 1782 468 1829 demque
501 1790 575 1819 eas
608 1780 659 1819 de
693 1781 908 1818 memoria
941 1779 1235 1827 negligentius
1267 1779 1494 1818 rettulisse
1520 1780 1564 1817 in
1593 1781 1816 1828 margines
1843 1780 2048 1819 editionis

283 1867 387 1895 suae
433 1856 733 1895 Terentianae.
781 1855 955 1894 Scholia
1001 1854 1082 1893 sub
1124 1854 1272 1893 littera
1315 1852 1335 1891 b
1378 1865 1454 1903 pro
1497 1855 1768 1904 compendiis
1799 1855 2044 1904 longiorum

284 1932 441 1971 Donati
485 1933 721 1980 magistros
763 1931 845 1969 sibi
888 1931 1189 1979 composuisse
1232 1934 1274 1969 et
1317 1932 1443 1969 iuxta
1483 1934 1784 1971 commentum
1817 1932 2048 1981 scripsisse

284 2018 368 2046 non
417 2008 579 2047 dubito.
628 2008 676 2046 In
724 2009 852 2046 tertio
895 2017 1054 2055 genere
1097 2018 1116 2045 c
1157 2017 1208 2046 ea
1249 2017 1360 2055 quae
1403 2007 1610 2056 leguntur
1651 2008 1730 2047 Ad.
1765 2008 1834 2049 87.
1869 2009 1907 2048 2.
1944 2008 2047 2048 Hec.

285 2085 383 2123 269.
429 2085 469 2123 3.
513 2084 612 2123 878.
649 2084 673 2122 3
703 2095 741 2131 α,
777 2084 880 2122 Pho.
917 2084 1015 2123 234.
1051 2086 1075 2122 4
1109 2084 1152 2122 in
1187 2085 1430 2123 commenti
1462 2086 1663 2133 margine
1694 2085 1875 2124 stetisse
1906 2087 2046 2125 osten·

284 2162 393 2199 dunt
428 2171 569 2209 voces„
605 2161 762 2208 quibus
788 2160 998 2200 Donateis
1024 2161 1196 2200 adnexa
1223 2163 1347 2199 sunt:
1370 2164 1474 2212 puto
1499 2172 1582 2211 eqo,
1611 2172 1728 2211 nam,
1757 2172 1826 2210 an,
1856 2173 1914 2201 an
1929 2160 2046 2212 quia,

284 2247 362 2276 nec
409 2247 495 2276 non
542 2236 709 2285 reliqua
756 2249 831 2286 pro
880 2238 1224 2277 correctionibus
1272 2241 1346 2277 aut
1394 2239 1715 2287 supplementis
1756 2240 2048 2287 genuinorum

282 2313 443 2352 ibidem
489 2316 640 2351 notata
682 2313 818 2352 fuisse
860 2314 1063 2353 credibile
1106 2317 1186 2353 est.
1219 2315 1374 2362 Itaque
1407 2316 1619 2363 suspicor,
1656 2315 1796 2364 illum,
1830 2316 1899 2354 cui
1931 2325 2048 2354 com-

286 2390 418 2427 menti
463 2390 728 2438 archetypus
769 2390 961 2438 debetur,
997 2390 1248 2429 adhibuisse
1281 2391 1470 2429 codicem
1506 2390 1574 2429 vel
1597 2391 1778 2429 *codices
1810 2391 2048 2430 commenti

282 2468 523 2504 instructos
564 2466 758 2516 scholiis,
803 2476 912 2514 quae
954 2467 1079 2504 iuxta
1122 2468 1266 2515 posita
1303 2467 1504 2515 opposita
1536 2467 1626 2506 fere
1656 2466 1820 2506 similia
1851 2467 2046 2506 nomina·

284 2543 441 2591 vimus,
486 2542 670 2589 aliisque
712 2542 1023 2580 minutioribus
1062 2552 1174 2590 quae
1216 2552 1314 2581 cum
1354 2543 1424 2581 his
1457 2546 1550 2582 arte
1583 2543 1817 2582 coniuncta
1847 2545 1964 2591 sunt,
1997 2552 2048 2581 ac

282 2620 510 2666 praeterea
540 2618 757 2656 editiones
788 2617 1076 2657 Terentianas
1108 2619 1488 2658 adnotatiunculis
1520 2620 1655 2659 etiam
1691 2621 1899 2659 munitas.

402 2693 565 2742 Quibus
593 2696 742 2732 autem
770 2693 822 2732 de
841 2695 986 2732 causis
1005 2695 1117 2733 mira
1135 2696 1373 2734 commenti
1393 2696 1587 2735 condicio
1606 2696 1659 2735 ad
1677 2695 1988 2735 Phormionem
2007 2696 2048 2734 II

330 2906 353 2947 ⁴)
382 2904 474 2940 Vide
500 2918 615 2950 supra
641 2918 675 2950 p.
705 2906 750 2940 Vl
778 2919 863 2950 sqq.
888 2908 951 2942 ubi
978 2907 1069 2942 haec
1094 2909 1220 2943 omnia
1246 2909 1394 2944 scholia
1418 2909 1608 2954 exscripta
1633 2911 1734 2944 sunt.

328 2959 352 2999 2)
381 2957 433 2992 De
468 2958 761 3002 repetitionibus
796 2972 952 3004 prorsus
989 2961 1178 2996 similibus
1215 2962 1299 2997 vide
1335 2974 1448 3010 supra
1483 2975 1518 3006 p.
1556 2961 1604 2996 III
1641 2964 1676 2996 et
1706 2960 1900 2996 Wessneri
1923 2960 2044 2995 locum

283 3010 471 3105 pdilifflsi}
498 3077 558 3099 res
591 3066 660 3107 est,
693 3064 723 3098 si
758 3065 902 3100 scholia
931 3065 1070 3101 Donati
1097 3078 1140 3101 ex
1167 3067 1240 3101 alia
1269 3067 1395 3102 tabula
1422 3067 1478 3102 vel
1506 3067 1596 3102 locis
1622 3067 1734 3110 longe
1759 3065 1906 3101 dissitis
1931 3066 2049 3101 citan-

285 3119 353 3156 tur,
380 3117 423 3152 ef.
449 3117 521 3152 Ad.
547 3115 590 3152 42
614 3120 651 3151 et
675 3117 753 3156 864,
777 3117 844 3152 608
868 3119 904 3153 et
931 3117 1049 3153 Andr.
1073 3119 1150 3154 490.
1175 3119 1266 3154 Item
1293 3119 1340 3154 ad
1365 3120 1386 3156 b
1411 3121 1483 3155 Ad.
1513 3119 1572 3154 171
1599 3122 1636 3154 et
1660 3119 1751 3154 Hec.
1774 3119 1829 3154 33.
