2242 3443
912 215 1165 244 PRAEFATIO.
1853 221 1909 248 XV

307 330 436 370 haec:
479 329 534 368 ‘hi
568 329 651 368 duo
694 339 780 368 vss.
815 330 1066 368 ostendunt'
1101 332 1144 368 et
1177 331 1218 368 in
1252 332 1277 369 5
1310 331 1438 369 haec:
1475 330 1592 369 ‘sunt
1626 342 1725 380 ergo
1759 332 1907 381 verba,

307 407 355 444 ut
395 405 618 452 diximus',
663 425 719 431 -
761 405 928 453 reliqua
970 415 1147 454 prorsus
1189 408 1292 444 sunt
1323 406 1504 454 similia,
1540 407 1619 445 1100
1652 410 1716 445 051
1756 410 1773 445 1
1797 411 1907 454 25,

238 517 242 519 ,
308 481 465 519 2--4.
507 480 615 520 011111
658 491 682 519 a
724 481 987 519 coniecturis
1028 481 1079 519 de
1120 481 1357 519 commenti
1399 482 1564 529 origine
1597 482 1703 520 mihi
1736 493 1911 530 prorsus

306 556 617 595 abstinendum
659 557 736 605 sit,
781 565 866 594 non
907 565 1070 603 quaero
1103 565 1186 604 quo
1219 566 1321 595 casu
1355 558 1435 595 hae
1470 557 1749 605 repetitiones
1783 559 1912 596 exsti-

304 633 439 672 terint
478 635 522 671 et
566 641 674 680 quae
717 634 864 681 partes
901 631 945 670 in
977 641 1029 670 ea
1063 642 1108 670 re
1145 632 1307 670 fuerint
1343 631 1638 680 compilatoris
1677 636 1751 671 aut
1789 634 1911 671 50110-

305 707 548 747 liastarum.
603 707 864 746 Wessnerus
921 707 970 752 (l.
1011 707 1038 745 l.
1073 718 1111 755 p.
1150 708 1285 752 1403)
1335 708 1531 757 coniecit,
1581 708 1909 756 compilatorem

307 783 401 822 ideo
443 783 659 823 scholium
702 785 726 822 5
770 783 987 832 recepisse
1030 786 1129 832 post
1176 785 1216 833 1,
1261 785 1362 831 quia
1405 785 1580 823 initium
1614 780 1659 823 51
1690 784 1910 823 diversum

306 861 400 898 erat
447 869 472 898 a
512 859 664 908 primo,
711 869 898 908 eumque
939 869 1040 898 cum
1082 861 1309 908 peccatum
1343 870 1472 899 suum
1506 860 1908 908 animadvertisset,

306 935 388 974 hoc
429 935 660 984 mitigasse
702 935 896 974 addendo
931 934 991 974 ‘ut
1023 935 1231 974 diximus'
1254 931 1295 980 ¹).
1330 935 1412 974 Sed
1444 936 1524 975 hoc
1556 936 1701 984 mitto,
1739 939 1784 974 ut
1815 946 1909 974 con—

305 1010 493 1050 siderem
534 1011 702 1051 scholia
742 1012 851 1060 ipsa.
894 1011 1077 1050 Prorsus
1121 1021 1226 1050 vera
1266 1013 1333 1050 est
1372 1011 1619 1051 observatio
1651 1013 1695 1050 in
1728 1012 1752 1050 2
1786 1014 1829 1051 et
1860 1014 1908 1053 4:

306 1086 522 1135 ‘pulsatus
569 1089 637 1127 est
678 1088 828 1127 senex’
872 1089 987 1135 cett„
1032 1087 1139 1126 haec
1175 1088 1307 1135 igitur
1340 1087 1564 1135 utriusque
1597 1087 1750 1126 scholii
1783 1088 1912 1127 verba

306 1163 495 1211 genuina
536 1173 645 1213 esse,
690 1173 820 1203 nemo
863 1163 907 1202 in
939 1162 1119 1202 dubium
1153 1163 1343 1212 vocabit,
1379 1165 1421 1202 et
1452 1173 1582 1202 nemo
1614 1163 1739 1202 facile
1771 1163 1912 1202 dicere

302 1239 479 1288 poterit,
524 1239 625 1287 quid
658 1240 701 1278 in
733 1240 814 1278 hac
845 1239 1125 1278 adnotatione
1159 1239 1439 1288 desideretur,
1473 1239 1705 1287 quominus
1737 1239 1910 1287 plenam

305 1314 464 1354 sinceri
506 1317 550 1354 et
590 1316 767 1364 genuini
809 1315 962 1355 scholii
1005 1315 1194 1355 formam
1228 1315 1401 1354 referat.
1436 1315 1527 1354 Hoc
1560 1316 1732 1353 tantum
1766 1316 1935 1362 quaeri,

305 1392 468 1440 potest,
504 1401 603 1431 cum
635 1391 746 1431 levis
778 1392 1071 1441 discrepantia
1103 1392 1162 1430 sit
1188 1392 1230 1430 in
1259 1402 1347 1431 acc.
1376 1402 1410 1430 c.
1440 1391 1530 1430 inf.'
1555 1390 1776 1440 pulsatum
1801 1392 1909 1430 esse’

305 1467 349 1506 et
375 1466 673 1507 additamento
703 1467 791 1507 ‘illo
818 1469 1092 1517 argumento,
1121 1468 1261 1516 quod',
1281 1469 1380 1506 utra
1397 1467 1539 1506 forma
1555 1467 1696 1516 potior
1713 1466 1910 1505 habenda

307 1543 377 1582 sit.
410 1542 498 1592 Ego
531 1543 726 1592 praefero
760 1545 798 1594 2,
832 1544 906 1583 ubi
938 1544 1138 1593 repetitio
1172 1545 1292 1583 vocis
1325 1543 1610 1592 ‘argumento'
1644 1542 1778 1581 deest.

422 1618 521 1659 Alia
547 1629 618 1658 res
643 1621 711 1659 est
737 1620 782 1658 in
813 1621 832 1658 1
863 1622 907 1659 et
935 1622 983 1668 5;
1012 1620 1125 1668 quod
1151 1619 1209 1658 ibi
1235 1619 1507 1659 contenditur
1533 1618 1576 1656 in
1605 1617 1742 1656 altera
1758 1616 1912 1656 scholii

302 1696 448 1743 parte:
493 1694 584 1734 ‘aut
626 1696 677 1735 de
719 1696 912 1735 adventu
953 1695 1202 1744 mulierum,
1246 1705 1354 1743 quae
1387 1696 1430 1733 in
1463 1703 1668 1732 scaenam
1701 1693 1908 1740 veniunt',

296 1781 322 1809 a
363 1771 567 1820 prudenti
608 1772 859 1822 interprete,
904 1772 1045 1820 qualis
1076 1771 1275 1811 Donatus
1305 1771 1406 1820 fuit,
1440 1769 1568 1809 scribi
1600 1769 1795 1817 potuisse
1827 1778 1911 1807 non

302 1847 443 1897 credo,
486 1857 590 1887 nam
631 1858 761 1888 nemo
803 1848 967 1888 mentis
1009 1858 1188 1897 compos
1225 1849 1434 1896 punctum
1469 1845 1682 1894 temporis
1714 1844 1910 1883 dubitare

301 1925 458 1973 potest,
499 1925 605 1972 quin
647 1925 697 1963 in*
731 1925 805 1964 illo
849 1935 978 1965 versu
1022 1924 1185 1973 cogitet
1224 1925 1399 1963 tantum
1433 1922 1484 1961 de
1515 1922 1587 1970 iis,
1623 1930 1732 1968 quae
1764 1919 1911 1958 Davus

300 2000 430 2039 modo
477 1999 652 2040 locutus
700 2002 780 2040 est.
813 2001 1009 2040 Initium
1057 1999 1235 2040 scholii:
1280 1999 1426 2038 ‘verba
1466 2000 1568 2036 sunt
1611 2006 1760 2035 secum
1802 1995 1911 2042 cogi-

301 2077 439 2116 tantis
485 2077 604 2116 senis
648 2078 755 2123 [aut]
798 2077 849 2116 de
892 2077 960 2115 his
1003 2086 1112 2124 quae
1153 2086 1268 2115 nunc
1310 2075 1484 2114 locutus
1517 2075 1584 2112 est
1614 2072 1774 2111 Davus'
1808 2080 1913 2109 vera

297 2154 510 2202 continet,
559 2154 635 2192 sed
681 2163 1009 2202 supervacanea
1054 2153 1179 2191 iuxta
1220 2152 1259 2190 2.
1290 2152 1338 2199 3,
1378 2149 1540 2188 etenim
1589 2147 1910 2196 ‘argumentum

301 2228 516 2268 falsarum
557 2229 826 2279 nuptiarum’
870 2229 951 2268 hoc
992 2228 1138 2277 ipsum
1181 2229 1264 2275 est,
1310 2225 1423 2274 quod
1464 2224 1612 2263 Davus
1644 2223 1814 2261 locutus
1846 2222 1912 2260 est

295 2305 384 2344 ‘449
417 2315 510 2354 sqq.
545 2308 589 2345 et
619 2306 731 2353 quod
764 2305 883 2344 senis
917 2303 1229 2353 cogitationem
1262 2312 1380 2341 nunc
1410 2300 1562 2340 movit.

424 2381 485 2421 De
517 2382 586 2420 his
611 2381 790 2421 scholiis
806 2381 939 2430 igitur
957 2380 1020 2419 sic
1037 2377 1321 2418 statuendum
1339 2386 1435 2416 esse
1451 2376 1574 2424 puto:
1594 2374 1789 2412 Donatus
1805 2372 1912 2410 satis

249 2550 272 2594 l)
298 2550 384 2586 ‘Der
409 2552 561 2597 Anfang
585 2553 652 2588 des
676 2552 786 2587 einen
813 2553 860 2595 (5)
888 2550 982 2586 wich
1007 2562 1079 2584 von
1104 2549 1170 2584 der
1193 2548 1258 2583 des
1284 2545 1425 2581 andern
1450 2546 1498 2588 (1)
1524 2543 1589 2585 ab;
1615 2543 1703 2578 dass
1724 2540 1908 2575 vertfilirte

160 2601 233 2637 den
256 2602 499 2649 Kompilator,
525 2606 585 2641 die
608 2619 726 2651 ganze
752 2604 1000 2647 Anmerkung
1025 2615 1105 2638 zum
1131 2601 1289 2636 zweiten
1312 2599 1411 2634 Male
1437 2611 1481 2633 zu
1507 2597 1664 2639 bringeri
1690 2594 1765 2629 und
1790 2593 1846 2627 als
1872 2604 1909 2626 er

161 2654 228 2689 das
258 2655 453 2693 Versehen
484 2659 639 2699 merkte,
669 2659 802 2694 suchte
827 2670 866 2693 er
889 2669 930 2692 es
954 2656 1071 2691 durch
1094 2655 1162 2690 das
1187 2655 1239 2688 ‘ut
1263 2652 1438 2688 diximus’
1464 2664 1508 2686 zu
1532 2647 1713 2684 mildern’.
1739 2646 1851 2703 Tacet
1875 2657 1907 2678 v.

159 2706 194 2741 d.
230 2707 276 2743 de
299 2709 417 2745 altera
441 2711 665 2756 repetitione
690 2711 811 2751 2:11,
836 2710 881 2745 de
906 2722 981 2753 qua
1004 2720 1080 2743 non
1105 2707 1259 2742 omnino
1284 2705 1383 2740 valet
1408 2704 1499 2738 haec
1524 2700 1770 2738 ratiocinatio,
1797 2700 1907 2755 eiiam

160 2759 329 2805 alioquin
360 2775 491 2807 parum
524 2764 744 2809 probabilis.
775 2762 1000 2802 Scholiasta,
1033 2761 1098 2805 qui
1122 2760 1218 2795 vidit
1241 2759 1397 2794 alterum
1424 2755 1605 2791 scholium
1631 2753 1677 2787 ab
1701 2751 1816 2809 alt-ero
1843 2749 1908 2784 dif-

159 2812 252 2848 ferre
287 2815 326 2850 in
362 2816 482 2857 initio,
513 2830 640 2852 nonne
671 2819 791 2852 totum
818 2816 882 2851 ille
904 2814 1105 2859 perlegerit
1131 2814 1334 2856 antequam
1359 2807 1613 2845 describeret?
1639 2807 1764 2862 aut-si·
1784 2805 1907 2837 tamen

160 2864 260 2906 hune
283 2880 443 2905 errorem
468 2870 665 2909 commisit,
689 2882 814 2904 nonne
840 2868 1001 2911 corriget
1024 2865 1184 2901 delendo
1209 2864 1336 2909 potius
1357 2874 1454 2907 quae
1475 2861 1593 2895 otiose
1608 2858 1782 2901 repetivit
1797 2866 1906 2912 quam

161 2919 362 2957 inserendo
386 2925 439 2958 ‘ut
463 2922 667 2958 diximus'?
692 2922 795 2957 Haec
820 2923 944 2956 autem
969 2918 1128 2954 formula
1152 2930 1227 2952 11011
1250 2919 1307 2951 est
1328 2911 1581 2959 compilatoris
1595 2910 1748 2944 aliorum
1765 2906 1907 2965 scholia

158 2974 472 3018 ‚conglutinantiffi
504 2976 572 3011 sed
602 2975 785 3019 magistri,
810 2974 874 3018 qui
899 2973 981 3018 ipse
1006 2971 1150 3006 scholia
1175 2969 1381 3004 conformat
1404 2968 1440 3001 et
1463 2966 1616 3000 aliorum
1645 2961 1907 3021 adnotationes

161 3026 242 3061 suis
277 3028 401 3063 verbis
434 3029 588 3073 repetit;
624 3029 758 3064 docent
794 3027 863 3062 hoc
896 3024 1083 3070 permulta
1113 3021 1284 3066 exempla
1316 3019 1471 3055 collecta
1504 3030 1547 3052 ex
1572 3014 1746 3050 omnibus
1771 3011 1906 3047 fabulis

162 3078 185 3114 l.
210 3092 238 3114 s.
263 3080 286 3114 l.
309 3093 347 3125 p.
370 3080 436 3115 158
460 3093 542 3124 sqq.
566 3080 659 3123 (Mn.
684 3080 728 3114 35
751 3092 787 3124 p.
811 3078 902 3121 409).
