2242 3443
333 214 506 242 sacrm
1168 201 1252 240 322

332 328 409 365 255
491 328 515 364 2
544 328 690 364 falsum
722 327 838 362 iuxta
867 326 966 361 Don.
998 326 1030 362 1.

332 391 406 425 257
493 390 538 424 cf.
566 391 614 425 ad
648 389 733 425 101.
764 388 798 423 2.
888 398 909 421 (ι.
944 387 1266 422 additamentum
1296 386 1484 422 otiosum.

331 452 409 487 260
491 451 513 488 3
553 451 675 487 schol.
717 450 817 486 rhet.
857 460 880 486 a
919 460 982 485 me
1021 459 1145 494 supra
1183 449 1392 484 notatum:
1432 448 1529 484 nihil
1568 457 1721 492 eorum,
1751 456 1854 491 quae
1886 446 2104 484 scholiasta

440 513 553 557 dixit,
594 513 700 548 inest
739 514 776 549 in
819 512 952 548 verbis
990 511 1191 552 Lachetis,
1226 511 1293 554 qui
1323 519 1469 546 causas
1499 513 1662 545 tantum
1691 509 1849 553 allegat,
1880 508 2035 554 positas
2062 508 2102 545 in

440 585 514 611 suo
553 575 749 620 Pamphili
787 584 924 610 amore
961 576 1001 610 et
1040 575 1079 608 in
1110 573 1232 609 huius
1262 582 1401 609 amore
1430 572 1599 618 puellae,
1629 581 1699 607 cur
1729 573 1820 608 tuto
1850 571 1980 607 redire
2007 570 2103 608 haec

442 638 593 682 possit;
624 637 669 673 cf.
700 637 799 673 Don.
831 637 869 671 in
904 636 936 671 1.

333 699 410 735 263
494 700 516 735 2
561 700 648 735 vide
689 699 889 743 quomodo
933 698 996 733 hic
1038 706 1195 741 quoque
1241 696 1566 733 innocentissimi
1608 705 1855 740 prorsusque
1899 695 2103 732 naturales

441 762 560 796 animi
615 760 796 802 affectus,
849 760 995 804 quibus
1038 759 1078 794 in
1122 759 1280 803 agendo
1324 761 1363 794 et
1406 758 1606 802 loquendo
1648 767 1718 802 per
1759 759 1889 793 totam
1931 757 2103 794 fabulam

441 826 719 859 commovetur
775 824 905 858 bonus
959 821 1180 866 Phidippus
1234 821 1403 864 eiusque
1454 820 1534 856 filia
1584 819 1825 864 miserrima,
1867 821 2105 864 contorque-

441 888 563 921 antur
598 895 620 920 a
655 885 818 920 rhetore
854 885 895 919 et
933 883 1194 927 diffingantur
1237 882 1275 918 in
1319 892 1484 918 causam
1526 881 1765 927 iudicialem,
1809 882 1874 917 ubi
1917 881 2104 926 pessimis

441 949 565 984 animi
604 948 796 991 motibus⁷
835 947 922 982 odio
963 948 1004 982 et
1042 946 1243 982 vindictae
1281 946 1430 990 studio,
1471 945 1656 981 homines
1689 945 1730 980 in
1759 944 1887 988 litigia
1914 946 2104 988 aguntur.

442 1011 464 1046 5
504 1020 528 1044 a
566 1013 605 1046 et
643 1010 664 1046 6
705 1020 728 1045 α
766 1009 924 1044 notavit
963 1008 1140 1052 Wessn.,
1181 1008 1329 1052 quibus
1370 1008 1539 1043 remotis
1579 1017 1706 1042 unum
1752 1006 1881 1042 oritur
1909 1005 2105 1042 scholium

443 1072 684 1108 concinnum
715 1072 762 1107 ab
792 1071 907 1106 initio
936 1071 974 1105 4i
1003 1071 1050 1106 ad
1082 1070 1203 1106 finem
1233 1067 1281 1107 61.
1366 1071 1387 1106 7
1419 1070 1494 1105 sub
1524 1069 1642 1105 titulo
1671 1069 1970 1113 antapodoseos
1999 1077 2107 1113 repe-

443 1133 534 1168 tivit
565 1133 870 1177 grammaticus,
901 1141 1004 1176 quae
1034 1132 1135 1167 Don.
1166 1132 1331 1168 dederat
1360 1132 1400 1166 in
1433 1132 1457 1167 4
1487 1141 1572 1176 sqq.

337 1195 411 1232 267
500 1196 517 1230 1
558 1197 598 1230 et
637 1195 660 1231 2
698 1194 846 1230 similia
884 1194 1107 1238 continent,
1146 1194 1215 1229 sed
1253 1194 1437 1238 praestat
1479 1193 1511 1230 1.
1548 1193 1659 1229 ‘Eho’
1700 1193 1924 1229 secundum
1957 1191 2108 1229 scholia

445 1258 492 1292 ad
532 1258 607 1292 An.
642 1256 727 1301 184,
760 1256 849 1301 500,
881 1256 970 1299 667,
1002 1255 1091 1301 748,
1121 1255 1195 1293 951
1227 1257 1291 1291 est
1319 1255 1548 1291 interiectio
1577 1255 1815 1291 admirantis
1845 1256 1917 1291 aut
1945 1254 2109 1291 attenti-

445 1328 562 1354 onem
613 1319 811 1354 auditoris
863 1318 1143 1363 deposcentis;
1195 1318 1234 1353 h.
1277 1317 1301 1353 1.
1345 1317 1545 1354 indicatur
1589 1317 1858 1362 ·gesticulatio
1900 1316 2108 1361 quaedam'

445 1380 682 1416 admirantis
722 1380 843 1416 simul
872 1382 926 1416 -et
969 1380 1239 1416 attentionem
1284 1379 1552 1425 deposcentis,
1595 1380 1664 1415 sed
1702 1389 1841 1415 aurem
1879 1379 2108 1424 propiorem

444 1443 690 1487 posuisse
729 1443 835 1484 (sici)
865 1442 1095 1486 Lachetem,
1127 1442 1194 1477 vix
1224 1441 1409 1478 credibile
1438 1443 1521 1485 est;
1552 1443 1735 1486 praestat
1765 1441 1888 1478 etiarn
1920 1442 2107 1486 ‘paren-

446 1505 586 1540 tibus
615 1505 730 1549 queri
760 1502 906 1541 solent*
936 1514 1058 1549 quam
1089 1504 1329 1547 ‘matribus’‚
1359 1513 1453 1540 nam
1482 1503 1662 1548 loquitur
1690 1503 1754 1540 ille
1780 1513 1870 1539 cum
1897 1504 2027 1548 patre,
2041 1501 2109 1547 qui

444 1568 532 1612 ipse
569 1567 898 1613 interpellaverat
927 1567 1062 1611 filiam,
1094 1569 1139 1602 ut
1167 1568 1231 1602 est
1259 1567 1299 1602 in
1330 1567 1404 1603 267
1436 1575 1521 1610 sqq.
1603 1567 1628 1601 4
1658 1576 1682 1600 a
1711 1565 1859 1610 partim
1885 1565 1966 1601 iam
1995 1566 2108 1601 nota-

445 1629 503 1664 vit
532 1628 695 1665 Wessn.
781 1629 858 1665 268
944 1630 1004 1664 An
1035 1628 1097 1665 61.
1131 1628 1164 1674 1,
1194 1628 1284 1665 539.
1316 1628 1352 1664 2.
1382 1628 1452 1664 Ph.
1484 1627 1572 1664 203.
1606 1628 1639 1664 1.

337 1691 418 1727 270
498 1692 523 1726 4
553 1690 752 1727 scholium
782 1692 1018 1736 suspectum
1049 1691 1233 1734 quodque
1261 1690 1329 1725 vix
1359 1690 1564 1734 intellego.

336 1753 412 1789 272
499 1752 523 1788 2
552 1754 652 1788 Eun.
685 1753 773 1790 341.
805 1754 864 1788 Ad
894 1752 980 1789 247.
1017 1753 1050 1789 1.
1135 1752 1212 1789 273
1239 1752 1286 1788 cf.
1317 1753 1417 1788 Eun.
1447 1752 1535 1789 537.
1569 1752 1604 1795 2,
1632 1751 1722 1788 763.
1751 1751 1789 1788 2.

338 1815 415 1851 276
498 1815 521 1851 3
552 1815 600 1851 ad
629 1816 706 1850 An.
741 1816 826 1851 157.
859 1814 895 1859 2,
927 1814 1014 1861 289,
1044 1815 1134 1860 556,
1165 1817 1241 1850 etc.
1326 1815 1400 1851 277
1432 1814 1456 1850 2
1485 1813 1531 1850 cf.
1564 1813 1651 1850 292.
1681 1815 1718 1849 4.

336 1877 414 1913 279
496 1876 596 1912 Eun.
627 1876 715 1915 779.
749 1876 784 1912 3.
816 1877 912 1913 Hec.
943 1877 1032 1914 334.
1064 1877 1099 1922 2,
1129 1875 1219 1913 553.
1247 1878 1286 1913 4.
1316 1876 1386 1912 Ph.
1416 1876 1506 1913 396.
1534 1877 1571 1911 4.

335 1939 409 1974 281
499 1939 516 1973 1
548 1936 600 1988 -ἦ-
629 1939 652 1974 2
691 1939 814 1977 schol.
854 1939 1064 1975 semirhet.
1105 1939 1265 1976 Donati.
1306 1939 1448 1975 Cetera
1485 1938 1638 1975 scholia
1671 1938 1937 1977 rhetorica
1964 1938 2006 1974 in
2035 1938 2108 1975 hac

444 2009 602 2045 scaena,
629 2011 799 2037 numero
816 2001 1030 2047 permulta,
1047 2012 1070 2038 a
1085 2002 1244 2038 Donato
1260 2001 1522 2038 abiudicanda
1537 2002 1648 2037 sunt.
1664 2001 1763 2037 Vide
1778 2000 1927 2037 Mnem.
1944 2000 2006 2038 33.
2019 2000 2106 2038 262.

337 2062 414 2098 282
497 2061 520 2098 3
549 2062 594 2098 ci.
626 2063 788 2099 Wessn.
818 2073 907 2108 app.
992 2064 1069 2100 285
1099 2065 1146 2100 ad
1180 2063 1266 2101 189.
1295 2064 1332 2100 4.

336 2124 413 2160 286
498 2124 516 2160 1
547 2124 593 2160 cf.
625 2125 801 2161 Thomas
831 2126 879 2161 ad
910 2126 948 2162 h.
979 2126 1002 2162 l.
1086 2126 1110 2163 2
1140 2137 1165 2161 α
1193 2129 1233 2162 et
1263 2126 1286 2163 3
1316 2137 1339 2161 a
1371 2126 1528 2162 semovi
1557 2125 1814 2162 emblemata.

336 2185 411 2223 287
497 2186 620 2222 schol.
652 2187 830 2231 pertinet
858 2188 907 2223 ad
937 2189 1218 2232 praecedentia
1248 2189 1382 2224 verba.
1464 2188 1542 2224 288
1572 2188 1595 2224 3
1624 2187 1670 2224 cf.
1701 2187 1787 2225 297.
1819 2188 1855 2224 2.

337 2247 415 2284 294
496 2248 519 2285 5
551 2248 668 2284 iuxta
696 2248 796 2285 Don.
825 2250 862 2285 4.
947 2250 1025 2286 296
1056 2250 1080 2286 2
1108 2251 1155 2286 ad
1187 2252 1261 2286 An.
1292 2249 1383 2289 250.
1411 2251 1450 2286 4.

339 2309 414 2347 297
500 2309 524 2346 2
553 2310 768 2355 respicitur
798 2311 921 2347 schol.
952 2312 1097 2348 Donati
1127 2313 1173 2348 ad
1203 2311 1292 2349 288.
1319 2311 1355 2358 3,
1382 2312 1449 2348 ubi
1473 2311 1584 2347 illum
1610 2313 1707 2356 apto
1733 2311 1897 2356 Vergilii
1924 2310 2109 2356 exemplo

446 2381 567 2407 usum
606 2381 698 2408 esse
727 2373 838 2409 vides
870 2374 917 2409 de
946 2374 1053 2409 curis
1083 2373 1305 2418 ligantibus
1334 2374 1542 2410 hominem
1572 2374 1794 2416 (‘secludite
1822 2370 1983 2422 curas'),
2014 2373 2108 2409 dum

445 2434 485 2469 in
509 2433 755 2470 scholiastae
779 2434 967 2479 exemplo
993 2445 1112 2471 curae
1137 2437 1302 2472 omnino
1328 2446 1408 2472 non
1435 2436 1710 2480 nominantur,
1735 2436 1920 2480 quocirca
1934 2433 2112 2480 explevit

447 2495 752 2532 adnotationem
768 2506 886 2532 suam
901 2497 1199 2534 additamento:
1217 2498 1380 2534 ‘amoris
1396 2499 1503 2534 enim
1520 2507 1639 2534 curae
1664 2508 1686 2532 v
1698 2499 1746 2533 in
1759 2507 1778 2533 c
1790 2497 1873 2534 ula
1897 2495 2110 2533 dicuntur’.

447 2557 548 2593 Vide
579 2558 626 2593 ad
657 2557 733 2595 634
764 2559 811 2594 de
839 2557 1015 2595 formula
1044 2561 1098 2595 ut
1130 2560 1378 2596 diximus.

342 2619 420 2656 298
503 2618 526 2655 2
568 2628 740 2664 porro:
785 2621 861 2656 An.
910 2620 996 2658 167.
1039 2621 1076 2657 3.
1114 2622 1186 2657 Ad.
1231 2621 1319 2659 335.
1359 2622 1394 2658 2.
1426 2622 1526 2658 Eun.
1562 2622 1647 2659 167.
1679 2622 1717 2667 3,
1746 2621 1835 2659 528.
1872 2621 1907 2666 1,
1939 2621 1963 2658 6
1995 2620 2043 2658 13
2071 2620 2112 2657 et

453 2680 614 2717 Wessn.
647 2690 737 2726 app.

345 2743 422 2779 306
504 2742 528 2778 2
556 2752 696 2779 vero:
728 2744 805 2778 An.
835 2743 922 2780 755.
955 2745 1054 2780 Eun.
1089 2745 1150 2781 89.
1183 2745 1218 2789 2,
1249 2745 1338 2789 824,
1368 2745 1457 2782 930.
1490 2747 1523 2791 1,
1553 2746 1602 2782 al.
1631 2745 1754 2781 Periit
1775 2735 1949 2782 fortasse
1973 2743 2111 2780 scholii

452 2804 562 2840 finis:
594 2804 724 2840 ‘modo
755 2807 819 2840 est
847 2806 1104 2842 coniunctio'.

346 2867 423 2903 309
507 2866 531 2902 2
560 2866 606 2902 cf.
638 2865 726 2903 306.
759 2867 792 2910 1,
825 2866 914 2903 311.
949 2866 984 2903 3.
1070 2868 1094 2903 2
1122 2879 1146 2903 α
1175 2869 1220 2904 cf.
1252 2869 1352 2905 Don.
1385 2870 1418 2905 1.

347 2928 425 2963 310
504 2929 529 2963 4
558 2929 596 2964 et
625 2928 648 2964 5
679 2928 831 2964 scholia
859 2929 1033 2973 repetita
1061 2930 1177 2965 iuxta
1207 2929 1229 2966 2
1259 2932 1301 2967 et
1328 2931 1371 2975 3;
1403 2930 1449 2967 cf.
1480 2930 1550 2966 Ph.
1581 2930 1670 2967 225.
1701 2930 1737 2966 2.

347 2988 425 3025 315
509 2999 711 3025 rursum
742 3000 980 3035 prorsum
1012 2991 1111 3026 Eun.
1141 2992 1229 3029 306.
1260 2992 1349 3029 712.
1379 2991 1455 3029 An.
1487 2992 1576 3031 510.
1606 2993 1680 3028 Ad.
1711 2992 1773 3029 71.
1805 2991 1844 3028 3.

349 3051 426 3086 318
508 3051 531 3087 3
562 3051 663 3086 Eun.
690 3052 778 3088 452.
810 3052 846 3088 2.
931 3052 1007 3088 322
1039 3053 1058 3089 1
1090 3053 1138 3089 cf.
1170 3055 1269 3091 Don.
1300 3055 1336 3091 2.

350 3113 426 3149 333
507 3115 566 3149 Ad
595 3114 685 3151 557.
720 3115 752 3150 1.
837 3114 916 3151 334
945 3115 969 3151 2
998 3115 1043 3151 cf.
1075 3116 1163 3152 279.
