2242 3443
323 1353 400 1390 426

323 2272 397 2309 427

328 2656 405 2692 428

1164 172 1244 211 162

469 301 536 333 tur
578 298 654 334 aut
687 295 907 343 subiacet;
942 296 1215 344 superfertur
1253 307 1385 346 nunc,
1420 299 1634 345 aequatur
1669 296 1855 345 ‘milies'‚
1890 296 2088 336 subiacet

468 374 513 409 ut
557 371 745 410 ‘tantum
778 381 864 410 non
901 371 1073 410 milies’.
1108 372 1132 410 2
1167 371 1382 411 Convenit
1414 373 1603 411 stultum
1639 373 1825 411 eundem
1860 375 1904 411 et
1936 373 2086 412 imme-

468 457 634 486 morem
669 457 779 486 esse.
819 447 875 489 (α)

640 523 662 557 2
692 532 716 557 α
745 522 838 566 quia
866 524 907 558 et
939 522 1232 565 <memoria>
1266 522 1535 566 intelligentia
1565 524 1640 558 est.

528 596 542 632 1
582 605 715 632 roam
748 605 888 632 HABUI
921 604 1119 633 scoRTUM
1155 595 1250 634 vide
1283 595 1661 643 quemadmodum
1691 594 1842 643 miles,
1871 594 1975 633 dum
1994 595 2091 633 vult

467 670 519 708 ad
563 670 728 709 dictum
772 681 901 709 suum
946 672 1192 720 pervenire,
1241 671 1433 710 fateatur
1477 671 1653 710 interim
1700 680 1834 718 quam
1868 673 2090 719 contemp—

466 748 537 785 tus
570 747 628 785 sit
661 750 791 795 atque
823 747 1007 786 derisus.
1044 747 1067 785 2
1099 747 1325 786 Abdomen
1354 748 1396 786 in
1427 757 1606 796 corpore
1633 747 1900 786 feminarum
1917 747 2091 796 patiens

467 823 650 861 iniuriae
697 823 839 862 coitus
881 827 1136 862 scortum
1180 823 1358 871 dicitur,
1403 824 1498 862 ideo
1540 824 1642 872 quia
1674 826 1820 862 scorta
1850 825 1954 862 sunt
1984 823 2092 862 dura

468 899 597 937 coria.
633 901 700 945 (α).
736 900 760 938 3
796 899 873 938 Vel
908 897 986 937 ἀπὸ
1018 904 1088 937 τοῦ
1121 899 1317 950 σκαίρειν,
1351 900 1463 948 quod
1496 909 1651 948 graece
1684 899 1900 949 palpitare
1926 898 2090 938 intelle·

469 976 601 1023 gitur,
647 975 760 1024 quod
792 975 892 1015 illae
924 975 1093 1015 faciunt
1124 976 1328 1015 saltando
1363 976 1537 1015 assidue
1572 975 1639 1014 vel
1672 976 1820 1025 potius
1852 975 2092 1024 crissando,

470 1053 517 1089 ut
557 1052 787 1091 Lucretius
829 1052 892 1091 ait
931 1054 984 1096 (4.
1023 1053 1270 1095 1265—72)
1304 1052 1356 1092 ob
1391 1062 1489 1091 eam
1525 1061 1726 1101 causam,
1761 1053 1810 1090 ut
1841 1051 2089 1090 concinnio-

470 1138 561 1167 rem
595 1138 800 1167 venerem
836 1128 1071 1167 exhibeant
1104 1129 1211 1167 viris
1244 1131 1320 1167 aut
1352 1129 1434 1167 sibi
1463 1128 1642 1176 abigant
1670 1129 1950 1177 conceptum,
1977 1127 2090 1175 quod

470 1205 512 1242 in
546 1203 726 1242 vulvam
761 1204 952 1243 feminae
983 1205 1026 1243 in
1060 1204 1155 1253 ipso
1189 1204 1305 1244 coitu
1337 1214 1422 1244 non
1455 1215 1503 1243 se
1535 1203 1761 1243 moventis
1792 1203 1956 1242 incidit.

644 1279 665 1313 2
697 1289 721 1314 α
749 1288 772 1314 a
799 1283 913 1323 parte
943 1288 1040 1323 ergo
1070 1278 1133 1314 sui
1162 1279 1397 1315 meretrices
1428 1280 1605 1314 scorta
1633 1278 1834 1315 dicuntur.

533 1351 552 1388 1
597 1360 732 1389 LEPUS
775 1361 884 1389 Turn
925 1362 975 1390 Es
1013 1362 1063 1390 ET
1095 1361 1426 1390 PULPAMENTUM
1460 1360 1648 1396 QUAERIS
1683 1349 1836 1400 ‘lepus’
1870 1359 1947 1399 pro
1979 1349 2090 1389 infa-

473 1426 564 1465 mia
595 1426 647 1466 ob
680 1426 823 1466 multa
854 1427 1053 1476 ponitur:
1088 1428 1157 1467 vel
1189 1428 1302 1476 quod
1334 1428 1479 1476 magis
1512 1437 1536 1466 a
1569 1427 1813 1476 posteriore
1844 1427 1985 1476 parte,
2010 1426 2092 1466 hoc

473 1506 541 1541 est
571 1502 725 1549 armis,
759 1502 1096 1552 pulpamentum
1130 1503 1181 1542 de
1214 1514 1262 1542 se
1294 1503 1518 1553 praebeat,
1554 1514 1653 1542 cum
1687 1503 1731 1541 in
1762 1502 1964 1542 convivio
1999 1511 2087 1542 car-

472 1581 602 1628 patur
633 1579 880 1628 appositus,
914 1580 964 1618 ut
995 1579 1225 1628 Horatius,
1259 1579 1319 1618 ait
1349 1578 1536 1618 ‘fecundi
1563 1579 1723 1628 leporis
1749 1578 1926 1627 sapiens
1953 1579 2088 1618 secta·

473 1656 589 1695 bitur
616 1652 776 1695 armos'
811 1656 866 1698 (S.
896 1657 935 1695 II
965 1659 1004 1695 4.
1033 1658 1123 1705 44);
1154 1662 1208 1704 (α)
1236 1656 1304 1695 vel
1332 1656 1446 1705 quod
1475 1666 1500 1695 a
1523 1656 1720 1705 physicis
1745 1655 1916 1694 dicatur
1932 1654 2088 1694 incerti

474 1742 609 1770 sexus
652 1742 766 1781 esse,
801 1732 882 1771 hoc
915 1734 984 1771 est
1014 1732 1142 1772 modo
1174 1742 1275 1772 mas
1307 1733 1436 1771 modo
1469 1732 1648 1771 femina.
1683 1732 1707 1770 2
1741 1742 1877 1771 LEPUS
1908 1742 1946 1770 Τ.
1978 1741 2017 1770 Ε.
2051 1741 2088 1770 E.

476 1818 512 1847 P.
555 1817 592 1853 Q.
636 1808 747 1856 quod
790 1808 834 1846 in
876 1809 920 1847 te
961 1808 1116 1857 habes,
1160 1809 1241 1848 hoc
1280 1808 1458 1856 quaeris
1500 1808 1544 1846 in
1577 1808 1739 1856 altero;
1773 1809 1818 1847 et
1848 1809 1918 1847 est
1947 1806 2090 1858 τρόπος

473 1882 699 1935 ἀλληγορία.
733 1885 757 1923 3
792 1895 984 1923 HAHAHE
1017 1885 1087 1924 hic
1119 1885 1341 1933 parasitus
1374 1886 1417 1923 et
1448 1885 1800 1924 interiectionem
1825 1874 1951 1923 ‘risus
1977 1883 2092 1923 addi-

474 1961 555 2009 dit,
587 1970 672 2008 quo
704 1960 847 2008 magis
878 1970 994 1998 nunc
1026 1960 1217 2008 primum
1252 1960 1334 1998 hoc
1366 1960 1541 1999 audisse
1574 1960 1793 1999 credatur.

651 2034 669 2069 1
710 2044 734 2069 a
771 2032 794 2055 ²¹*
830 2034 893 2070 vel
931 2035 1033 2079 quod
1063 2035 1264 2070 venantur
1292 2033 1405 2069 illum
1436 2035 1476 2070 et
1505 2035 1789 2078 persectantur
1817 2043 1957 2078 caneS,
1987 2042 2090 2078 quos

594 2097 664 2132 pro
693 2089 954 2126 ‘amatoribus
993 2091 1243 2133 ἀλληγορικώς
1280 2088 1573 2133 intellegimus,
1604 2090 1650 2124 ut
1677 2089 1764 2133 ipse
1793 2087 2006 2124 Terentius
2035 2087 2092 2123 ait

594 2142 767 2179 ‘cervam
805 2143 939 2179 videre
973 2141 1111 2186 fugere
1139 2142 1284 2178 sectari
1313 2142 1448 2178 canes'
1478 2142 1589 2183 (Pho.
1623 2142 1673 2187 7),
1702 2142 1766 2178 vel
1794 2143 1899 2186 quod
1926 2141 2039 2177 illum
2066 2142 2090 2185 †

594 2197 650 2232 sic
677 2197 835 2241 fugiant
863 2207 1004 2233 omnes
1034 2197 1258 2233 constituat
1272 2194 1318 2241 1),
1349 2198 1395 2232 ut
1424 2197 1531 2232 hunc
1558 2195 1676 2232 libido
1705 2195 1946 2233 effeminata.

534 2269 551 2305 1
588 2278 690 2313 Qun)
724 2279 798 2307 EST
832 2269 937 2307 haec
969 2269 1255 2317 interrogatio
1288 2270 1463 2316 gestum
1496 2268 1756 2316 vultumque
1785 2267 1981 2307 continet
2006 2266 2091 2306 ala-

472 2344 557 2382 cris
589 2344 816 2382 cuiusdam
851 2347 894 2382 et
926 2345 1051 2392 certi,
1087 2344 1199 2392 quod
1231 2344 1478 2383 laudandus
1509 2344 1642 2383 sit.‘2
1670 2354 1835 2382 FAcmE
1867 2343 2089 2382 facetus

472 2422 558 2467 est,
602 2420 674 2467 qui
705 2419 847 2458 facit
879 2420 1025 2458 verbis
1057 2421 1169 2468 quod
1205 2420 1320 2467 vult;
1355 2430 1509 2458 Laeron
1542 2419 1786 2468 lepidus,
1821 2419 1895 2468 qui
1927 2417 2088 2467 politus

475 2498 543 2534 est
589 2498 637 2534 ut
683 2495 809 2545 λεπίς,
849 2495 890 2533 id
934 2497 1001 2534 est
1042 2495 1228 2549 lamina;
1272 2506 1414 2534 LAUTE
1456 2495 1675 2544 lautus,
1719 2495 1792 2543 qui
1823 2495 2014 2534 mundus
2045 2495 2090 2532 et

469 2571 742 2620 splendidus,

539 2650 555 2686 1
593 2657 773 2686 TUUMNE
806 2657 992 2686 OBsEcRO
1026 2657 1108 2686 Hoc
1141 2658 1306 2686 metrum
1338 2657 1451 2686 ERAT
1485 2649 1529 2685 et
1560 2647 1676 2686 dicta
1708 2648 1752 2686 et
1783 2634 2016 2695 proverbia
2046 2647 2090 2684 et

476 2724 710 2773 adagiones
751 2726 805 2768 (α)
848 2723 1002 2761 facetis
1044 2722 1294 2762 hominibus
1336 2722 1628 2762 ascribuntur.
1673 2723 1696 2760 2
1742 2724 1793 2761 Et
1834 2723 1915 2762 hoc
1947 2721 2088 2761 laudis

477 2810 615 2849 genus
657 2800 725 2838 est
765 2798 817 2837 ad
859 2799 1050 2846 potiores
1091 2799 1271 2848 referre,
1312 2798 1425 2846 quod
1469 2798 1579 2837 alter
1611 2798 1816 2847 probatur
1849 2798 2028 2837 dixisse.
2060 2797 2086 2835 3

476 2885 612 2915 VETUS
643 2884 818 2913 cnumm
850 2873 951 2921 quia
981 2875 1130 2912 omnia
1161 2876 1311 2913 vetera
1343 2869 1505 2922 magna
1535 2876 1652 2913 sunt.

654 2951 670 2984 1
703 2960 726 2984 α
756 2958 857 2992 quae
886 2949 933 2983 ad
963 2957 1048 2984 rem
1077 2951 1245 2994 agant.

378 3052 400 3095 ¹)
427 3051 545 3085 Locus
569 3049 703 3084 misere
727 3050 941 3091 corruptus:
966 3047 1009 3081 cf.
1035 3059 1065 3081 v.
1094 3048 1114 3081 Ι.
1138 3047 1237 3091 apud
1267 3046 1418 3081 Wessn.
1444 3048 1478 3080 el
1505 3058 1587 3081 mea
1612 3047 1739 3082 adnot.
1764 3046 1811 3082 ad
1838 3046 1874 3081 h.
1900 3058 1931 3080 v.

2230 359 2239 428 3
