2242 3443
309 202 499 230 ADELPHi
1147 193 1230 229 314

311 315 383 348 763

311 376 385 411 766

311 437 328 471 7
337 436 385 472 74

311 499 328 534 7
337 499 385 534 79

310 561 385 596 795

306 621 378 657 :94

306 684 378 719 796

304 747 381 782 800

306 810 380 843 806

307 871 384 906 820

307 1055 382 1091 823

309 1180 384 1215 825

307 1241 382 1276 828

310 1303 386 1339 835

309 1365 386 1400 840

309 1427 383 1462 841

310 1488 386 1524 843

309 1550 386 1586 844

309 1613 382 1650 847

310 1737 385 1772 855

310 2047 382 2082 857

309 2107 385 2144 864

313 2541 388 2576 866

312 2603 385 2637 871

313 2664 388 2699 882

313 2724 389 2761 884

313 2787 390 2823 889

314 2849 387 2884 891

315 2910 391 2946 892

312 2970 388 3006 894

316 3032 393 3068 895

469 314 491 350 3
522 314 620 349 Eun.
652 314 739 350 774.
771 315 805 350 3.
919 315 993 350 764
1025 313 1048 349 2
1078 314 1193 349 iuxta
1224 314 1322 352 Don.
1355 316 1373 351 1
1406 324 1476 358 per
1506 316 1606 350 aut.

468 374 491 410 2
522 386 546 409 (ι
575 377 730 411 notavit
764 376 924 411 Wessn.

467 437 696 481 exemplum
730 438 847 481 Vei-g.
880 437 1001 472 etiam
1034 437 1102 472 Ph.
1135 436 1223 475 265.
1255 436 1290 473 3.
1404 438 1479 473 775
1509 437 1544 472 cf
1584 438 1659 473 An.
1690 437 1751 474 40.
1784 438 1818 474 7.

468 498 489 533 3
520 498 565 534 cf.
596 499 671 535 585
702 500 740 534 in
770 500 858 535 fine.
973 499 1049 535 789
1078 499 1101 534 4
1132 498 1322 543 ‘disperii’
1354 498 1401 534 cf.
1431 498 1519 534 540.
1551 499 1584 534 3.

468 561 490 595 4
520 561 566 596 cf.
598 560 684 597 695.
716 561 751 607 3,
783 562 846 596 ubi
877 560 1095 596 scholiasta
1125 561 1200 596 hoc
1230 560 1377 596 Donati
1407 561 1603 596 scholium
1634 561 1819 597 imitatus
1849 563 1925 596 est.

463 621 485 657 2
515 623 601 658 vide
631 622 719 658 755.
751 623 786 658 2.
871 622 894 658 2
925 623 972 657 ad
1004 623 1080 657 An.
1111 621 1199 658 622.
1235 624 1267 658 1.

463 683 485 718 2
515 685 563 719 ad
594 686 669 720 An.
701 685 790 723 442.
824 687 858 721 1.
889 685 987 719 Eun.
1021 683 1108 720 632.
1142 686 1176 720 1.
1208 684 1242 720 2.
1329 684 1351 720 3
1382 685 1428 720 ct.
1459 685 1506 720 ad
1541 683 1625 720 185.

463 747 486 782 2
517 758 540 781 α
569 748 784 782 absurdam
815 747 1115 782 conclusionem
1146 746 1306 782 notavit
1337 746 1512 790 Wessn.,
1540 746 1587 782 cf.
1619 746 1705 783 708.
1740 745 1773 782 1.

465 808 567 844 rhet.
599 809 697 847 Don.
783 810 857 846 807
889 809 934 844 cf.
969 810 1015 844 ad
1047 809 1148 844 Eun.
1180 808 1269 845 653.

470 871 486 906 1
519 870 564 906 cf.
598 872 681 909 186.
716 875 747 908 1.
893 871 967 907 821
999 870 1113 905 iuxta
1144 870 1243 906 Don.
1275 870 1364 906 823.
1398 872 1430 914 1,
1462 869 1596 905 Kauer
1626 880 1839 915 perperam
1869 870 2078 914 interpola—

414 933 513 967 toris
558 935 754 970 scholium
796 932 936 968 citavit
975 941 1046 976 pro
1086 932 1274 975 genuino,
1312 932 1423 967 locus
1463 941 1719 976 nequaquam
1750 931 2080 968 ‘obscurissimus

413 996 474 1029 est
505 1004 545 1030 re
575 999 613 1030 et
645 994 791 1031 verbis'
823 995 891 1029 sed
920 994 1073 1037 indiget
1102 993 1441 1038 interpretatione
1470 993 1614 1037 aliqua.

466 1056 488 1091 2
533 1057 689 1093 ‘melius
733 1059 795 1093 est
839 1065 989 1100 saepe
1033 1056 1078 1090 ad
1124 1055 1335 1099 superiora
1371 1054 1644 1100 coniungere’,
1682 1056 1738 1092 sic
1778 1055 1900 1092 etiam
1934 1055 2081 1092 Kauer.

414 1118 437 1153 2
467 1130 490 1153 α
521 1120 642 1162 praef.
674 1120 749 1155 vol.
780 1119 809 1153 Ι.
841 1118 954 1153 XXI.
988 1119 1028 1152 et
1057 1118 1105 1152 ad
1134 1118 1212 1152 An.
1243 1115 1305 1152 49.
1339 1117 1357 1152 1
1390 1126 1426 1151 α.

468 1180 664 1225 ineptum.
777 1181 850 1216 827
883 1181 989 1215 errat
1020 1179 1117 1214 Don.
1151 1183 1216 1220 (an
1246 1178 1466 1214 scholiasta
1495 1178 1650 1221 alius‘?).

467 1243 570 1278 ·cito'
601 1244 648 1278 ad
682 1242 767 1278 176.
800 1242 834 1277 2.
947 1240 1024 1277 830
1054 1240 1077 1276 3
1108 1239 1231 1276 schol.
1263 1241 1368 1276 rhet.
1398 1240 1443 1275 cf.
1476 1240 1565 1277 806.

470 1305 493 1340 2
523 1304 569 1340 cf.
603 1305 692 1340 441.
727 1305 761 1349 1,
791 1303 880 1340 540.
911 1303 948 1338 2.
1032 1301 1067 1338 3.
1101 1301 1189 1338 755.
1223 1301 1257 1339 1.

468 1366 492 1401 2
520 1367 636 1402 iuxta
659 1367 759 1402 Don.
785 1365 872 1402 839.
900 1365 945 1409 25
972 1365 1062 1400 vide
1087 1364 1210 1408 praef.
1235 1364 1282 1399 de
1309 1363 1432 1399 schol.
1459 1363 1578 1399 simil.
1605 1364 1651 1399 ad
1677 1365 1748 1400 Ad.

468 1428 491 1464 3
522 1438 546 1463 α
574 1429 732 1464 notavit
762 1428 925 1463 Wessn.
1042 1426 1066 1461 4
1096 1426 1232 1462 Kauer
1261 1426 1310 1461 ad
1340 1425 1378 1461 h.
1408 1425 1431 1461 l.

473 1490 491 1526 1
524 1491 743 1526 non·sed
774 1491 823 1526 ad
852 1489 914 1525 74.
947 1489 982 1524 2.
1069 1488 1092 1524 2
1122 1488 1222 1524 Eun.
1255 1486 1345 1525 899.
1375 1487 1410 1523 2.

469 1551 492 1587 2
523 1551 720 1596 ‘prorsus‘
753 1553 800 1588 ad
830 1552 907 1587 An.
939 1549 1029 1587 510.
1060 1550 1095 1593 2,
1127 1550 1227 1587 Eun.
1260 1548 1348 1585 306.

469 1614 493 1650 2
533 1614 596 1649 ‘an
639 1615 732 1658 quia
770 1613 869 1658 sqq.'
909 1612 1108 1648 scholium
1147 1621 1227 1647 non
1266 1611 1482 1656 illepidum,
1513 1621 1653 1647 vereor
1683 1612 1819 1647 tamen
1850 1613 1895 1647 ut
1924 1610 2082 1648 Donato

415 1676 498 1710 dari
527 1677 669 1722 possit,
700 1677 792 1721 port
820 1676 971 1711 certam
1002 1683 1124 1718 quam
1155 1673 1262 1709 dedit
1293 1672 1541 1709 sententiam
1570 1672 1608 1708 in
1643 1674 1676 1710 1.

467 1737 490 1773 3
529 1737 755 1774 differentia
792 1746 960 1782 prorsus
999 1735 1101 1771 falsa
1137 1736 1186 1771 ab
1216 1735 1520 1781 interpolatore,
1549 1745 1668 1779 quem
1697 1735 1899 1779 novimus,
1928 1734 2083 1779 excogi-

414 1801 502 1834 tata
531 1803 694 1845 propter
723 1798 1065 1844 significationem
1094 1797 1264 1842 praefixi
1294 1797 1386 1832 sub
1416 1797 1455 1832 in
1486 1797 1757 1833 subridere
1787 1796 2006 1841 similibus;
2035 1797 2081 1833 de

415 1859 536 1896 huius
574 1861 816 1897 scholiastae
855 1859 1090 1896 differentiis
1127 1858 1284 1895 ficticiis
1323 1859 1412 1894 vide
1450 1858 1637 1903 exempla
1665 1858 1704 1894 in
1734 1858 1886 1894 Andria
1913 1859 1991 1893 Mn.
2019 1857 2080 1894 33.

418 1922 640 1969 214-219,
684 1924 723 1959 in
768 1922 963 1959 Eunucho
1007 1921 1084 1957 Mn.
1125 1920 1186 1957 35.
1227 1931 1263 1965 p.
1305 1920 1381 1957 314
1419 1927 1484 1962 (=
1499 1921 1564 1956 lib.
1593 1929 1711 1956 meus
1741 1930 1778 1965 p.
1812 1917 1916 1968 142),
1947 1919 2081 1956 V01.1

416 1985 533 2029 praef
559 1985 661 2021 XXI
689 1988 729 2021 et
757 1984 912 2029 passim
941 1983 981 2018 in
1012 1982 1359 2018 adnotationibus.
1866 1983 1869 1985 “

469 2047 722 2083 ‘subauditur
752 2046 872 2082 enim'
903 2046 951 2081 ad
980 2045 1044 2081 48.
1075 2044 1110 2081 3.
1222 2044 1298 2080 858
1329 2045 1376 2079 ad
1407 2044 1478 2079 Ph.
1508 2043 1606 2088 prol.
1637 2043 1698 2080 27.

469 2109 508 2144 in
538 2108 601 2144 his
631 2109 793 2144 scholiis
825 2107 954 2143 multa
984 2106 1085 2142 satis
1115 2105 1262 2141 similia
1289 2106 1401 2151 sunt,
1427 2116 1450 2141 a
1473 2105 1655 2150 pluribus
1680 2103 1890 2149 magistris
1915 2103 2085 2140 oriunda

417 2170 476 2213 (cf.
516 2171 564 2205 ad
603 2181 639 2205 v.
670 2171 776 2219 391).
807 2170 905 2205 Cum
934 2169 1036 2204 Don.
1069 2169 1087 2203 1
1119 2177 1308 2212 compara
1335 2168 1379 2213 53
1411 2177 1529 2212 porro
1558 2167 1658 2203 Don.
1689 2168 1746 2202 ‘os
1775 2166 1944 2202 laedere‘
1974 2167 2082 2202 recte

415 2233 711 2276 interpretatus
750 2233 811 2267 est
851 2231 891 2266 in
920 2231 943 2265 4
973 2228 1035 2277 (cf.
1067 2229 1192 2265 schol.
1223 2229 1360 2265 Bemb.
1391 2229 1566 2265 lacerum
1596 2228 1765 2264 citatum
1795 2237 1818 2263 a
1845 2228 2007 2264 Kauero
2035 2228 2081 2263 ad

416 2293 454 2329 h.
495 2293 546 2340 1.),
585 2293 687 2329 alius
722 2295 864 2329 contra
892 2291 995 2327 male
1024 2291 1064 2326 in
1093 2291 1136 2336 9;
1169 2292 1216 2327 de
1246 2290 1451 2326 ‘clemens'
1483 2290 1691 2335 ‘placidus’
1721 2291 1822 2326 scite
1849 2289 1950 2325 Don.
1979 2289 2020 2324 in
2045 2288 2082 2334 8,

416 2356 554 2401 inepte
579 2356 681 2391 alius
707 2357 745 2391 in
773 2356 807 2391 6.
825 2354 1029 2391 Scholium
1046 2355 1068 2390 7
1085 2353 1192 2389 illius
1209 2356 1271 2389 est
1287 2353 1354 2397 qui
1370 2353 1639 2397 incogitanter
1654 2352 1776 2388 verba
1789 2352 1838 2387 ad
1854 2361 1898 2387 se
1912 2351 2082 2387 invicem

418 2418 564 2453 referre
593 2417 697 2453 solet
726 2417 785 2458 (cf.
817 2417 863 2452 ad
892 2416 954 2451 45.
980 2416 1030 2457 3).
1057 2415 1236 2458 Denique
1262 2415 1285 2450 2
1311 2415 1453 2458 aliquis
1480 2414 1668 2462 repetivit
1697 2424 1718 2450 e
1746 2414 1847 2450 Don.
1871 2413 1934 2450 42.
1958 2413 1995 2459 2,
2021 2413 2082 2449 ad—

417 2480 593 2522 diditque
617 2478 927 2523 explicationem
953 2477 1055 2512 satis
1081 2477 1224 2513 miram
1247 2479 1311 2511 ‘ne
1331 2486 1421 2512 eam
1447 2477 1654 2517 (mentem)
1680 2477 1824 2519 urgeat
1845 2474 2082 2511 irascendo'.

470 2541 492 2576 3
523 2541 638 2576 iuxta
666 2540 767 2575 Don.
797 2540 831 2575 2.
943 2539 1017 2574 867
1049 2539 1071 2574 3
1103 2538 1161 2573 ‘ut
1182 2566 1187 2572 .
1206 2567 1213 2574 .
1232 2566 1265 2575 ..
1297 2538 1428 2573 multa
1451 2538 1674 2573 videantur'
1701 2537 1748 2575 cf.
1771 2537 1861 2574 470.
1886 2537 1923 2583 3,
1939 2536 2029 2573 482.
2044 2536 2081 2572 2.

472 2613 495 2636 α
525 2602 682 2637 notavit
712 2601 873 2636 Wessn.
985 2600 1062 2636 880
1089 2601 1112 2634 4
1142 2610 1168 2635 a
1197 2601 1354 2635 notavit
1382 2599 1561 2645 Wessn.,
1591 2599 1637 2635 cf.
1667 2599 1703 2636 5.

469 2664 505 2699 3.
535 2664 571 2698 4.
603 2664 690 2699 vide
720 2663 840 2707 praef.
871 2664 917 2697 de
947 2662 1072 2697 schol.
1101 2662 1221 2697 simil.
1251 2663 1299 2698 ad
1333 2663 1405 2697 Ad.
1470 2662 1546 2698 883
1576 2661 1621 2698 cf.
1652 2661 1740 2698 373.
1771 2660 1860 2697 901.
1891 2661 1962 2696 Eu.
1993 2659 2080 2697 271.

474 2727 490 2760 1
527 2726 657 2760 ‘recte'
688 2726 775 2761 653.
808 2726 825 2760 1
859 2726 898 2759 et
928 2724 1029 2758 Eun.
1060 2724 1148 2759 342.
1179 2724 1253 2761 He.
1282 2724 1372 2770 355,
1403 2724 1438 2760 2.
1550 2724 1626 2760 886
1654 2724 1677 2759 5
1709 2722 1754 2758 cf.
1784 2722 1872 2759 755.
1897 2722 1939 2758 Ι2.

472 2788 666 2823 2:957.
697 2787 719 2822 5
750 2791 789 2822 et
819 2787 1003 2821 videatur
1031 2785 1167 2820 Kauer
1195 2787 1240 2821 ad
1269 2786 1306 2821 h.
1337 2786 1360 2821 l.

474 2849 498 2884 2
528 2849 575 2884 cf.
603 2849 691 2884 894.
723 2849 746 2884 2
775 2850 816 2884 et
846 2847 913 2882 Ph.
948 2847 1059 2882 1048.
1091 2847 1126 2882 2.

475 2922 497 2943 (ι
527 2912 568 2946 et
597 2910 674 2946 893
705 2910 728 2945 2
758 2909 859 2945 falsa
887 2908 1069 2944 eiusdem
1099 2908 1289 2944 auctoris.

471 2971 506 3007 2.
537 2972 558 3007 3
592 2971 680 3006 vide
709 2970 830 3014 praef.
863 2970 910 3004 de
940 2968 1067 3004 schol.
1097 2968 1220 3007 simil.
1248 2971 1296 3005 ad
1327 2970 1402 3005 Ad.

477 3033 494 3067 1
540 3032 735 3068 scholium
780 3032 881 3067 satis
925 3030 1103 3066 otiosum
1142 3032 1181 3065 et
1220 3030 1395 3066 fortasse
1432 3041 1455 3066 a
1483 3031 1640 3066 Donato
1670 3030 1990 3075 abjudicandum,
2017 3027 2084 3072 qui

421 3093 458 3128 in
490 3093 605 3129 initio
634 3093 775 3129 scholii
797 3093 820 3129 2
846 3091 993 3129 similia
1017 3091 1187 3127 Demeae
1214 3093 1333 3128 verba
1349 3093 1397 3128 ad
1412 3093 1561 3138 Syrum
1577 3091 1633 3141 (v.
1649 3093 1740 3136 886)
1755 3093 1870 3129 aliter
1884 3089 2081 3128 tractavit.
