2242 3443
1031 218 1079 254 11

396 338 596 383 ‘plerique'
627 340 666 373 et
695 338 751 374 sic
780 339 897 374 infert
929 339 1116 375 ‘omnes’t
1149 341 1222 375 hoc
1252 343 1357 377 enim
1387 353 1456 387 pro
1482 355 1561 380 una
1585 348 1696 390 parte
1719 349 1910 384 orationis

395 392 583 428 dixerunt
623 394 781 428 veteres
825 393 963 428 eodem
1006 395 1143 436 moclO,
1183 404 1259 437 quo
1297 396 1436 433 Graeci
1475 400 1669 442 πάμπολλα
1706 404 1745 437 et
1783 402 1910 437 Latini

397 446 501 491 ‘plus
531 446 644 482 satis’
670 446 783 487 (Eun.
809 446 886 491 85).
914 448 936 481 4
962 446 1150 490 Figurate
1174 448 1407 486 Terentius:
1433 453 1614 495 παρέλκων
1639 458 1691 497 τῷ
1708 457 1909 500 ἀρχαισμῷ.

399 502 421 536 5
460 510 565 542 onon
601 509 797 542 PLERIQUE
831 509 961 535 OMNES
993 505 1126 543 <F.>
1160 501 1275 545 ‘quod
1304 503 1466 540 faciunt’
1495 516 1566 550 pro
1596 508 1708 550 ‘quae
1737 509 1913 553 faciunt’,

396 555 435 589 id
459 556 542 590 est:
572 563 674 597 quae
703 553 854 589 faciunt
878 554 1053 598 plerique
1080 554 1385 602 adulescentuli,
1406 558 1549 596 horum
1566 560 1629 595 ille
1645 561 1739 597 nihil
1756 564 1912 607 egregie

395 618 432 653 p.
462 616 493 644 c.
523 618 578 652 s.;
608 609 672 644 est
701 617 796 652 ergo
823 607 1063 652 figuratum,
1094 610 1196 652 quod
1226 613 1379 647 rectum
1409 615 1536 657 esset,
1563 614 1596 649 si
1620 614 1786 651 diceret:
1813 627 1912 661 quae

394 661 569 707 plerique
611 671 750 697 omnes
791 661 942 698 faciunt
985 662 1293 709 adulescentuli,
1336 666 1478 702 horum
1519 667 1583 703 ille
1620 668 1715 703 nihil
1757 673 1913 714 praeter

394 717 528 752 cetera
555 717 756 752 studebat.

157 799 207 836 56
340 798 359 833 1
394 805 654 834 ADIUNGANT
681 795 880 844 alligent,
911 796 1081 844 aptent,
1113 799 1456 838 accommodent.
1479 801 1502 837 2
1522 811 1608 839 AUT
1626 812 1760 847 EQUOS
1776 814 1915 842 ALERE

274 882 360 911 AUT
388 882 526 911 CANES
552 882 611 910 AD
638 881 885 910 VENANDUM
907 871 970 909 sic
989 874 1032 909 et
1049 882 1183 919 equos
1202 873 1254 911 ad
1274 875 1520 914 venandum
1541 877 1681 927 alunt,
1702 880 1914 926 quomodo

273 958 424 987 canes:
467 947 580 996 quod
623 947 754 986 multi
797 946 911 986 docti
954 947 1221 998 improbant,
1257 951 1304 988 ut
1336 950 1482 990 dicant
1514 955 1716 1001 separata
1746 965 1840 993 esse
1873 957 1915 993 et

271 1021 337 1062 ‘ad
373 1019 634 1062 venandum'
670 1025 795 1062 extra
829 1023 1046 1062 rationem
1080 1034 1177 1063 esse
1211 1035 1286 1074 pro
1321 1027 1378 1064 ad
1412 1029 1678 1068 venatum.
1714 1030 1765 1070 (α)

447 1098 468 1132 2
500 1108 523 1131 α
546 1099 591 1133 ut
619 1098 824 1134 ‘venatum
855 1098 1013 1133 Aeneas
1043 1107 1201 1142 unaque
1230 1109 1282 1136 m.
1313 1100 1371 1136 D.’
1403 1101 1514 1143 (Aen.
1546 1103 1581 1137 4.
1615 1103 1714 1145 117).

155 1181 203 1218 57
334 1179 351 1216 1
383 1178 478 1217 Aur
505 1178 687 1227 <AD>
713 1188 1009 1220 PHILOSOPHOS
1037 1178 1150 1217 mira
1177 1177 1346 1228 ἔλλειψις
1376 1182 1419 1219 et
1445 1181 1675 1220 familiaris
1693 1183 1911 1230 Terentio;

275 1256 328 1299 (α)
377 1255 401 1293 3
451 1257 527 1294 aut
574 1255 610 1293 si
657 1254 722 1294 ‘ad
770 1255 1068 1304 philosophos'
1117 1256 1361 1304 separanda
1409 1257 1491 1296 erit
1537 1257 1697 1309 locutio
1744 1259 1805 1297 sic
1853 1257 1913 1297 ‘ut

273 1329 471 1369 animum
503 1331 747 1379 adiungant
777 1331 830 1369 ad
862 1330 1176 1380 philosophos’.

451 1405 468 1439 1
519 1415 541 1438 α
583 1414 677 1440 nam
719 1414 942 1449 possumus
984 1404 1202 1440 subaudire
1244 1404 1488 1442 ‘audiendos'
1533 1407 1618 1442 sive
1661 1408 1911 1443 ‘sectandos'.

394 1459 416 1492 2
444 1467 499 1494 AD
527 1469 798 1495 PHILOSOPHOS
828 1458 972 1494 vitium
1003 1460 1087 1503 est,
1117 1458 1210 1502 quia
1239 1459 1338 1495 dixit
1369 1461 1429 1496 ‘ad
1460 1460 1614 1504 aliquod
1646 1462 1852 1498 studium'.

160 1541 210 1577 58
334 1539 353 1576 1
387 1547 573 1577 EGREGIE
607 1538 896 1587 egregium
929 1538 1085 1577 dicitur
1113 1538 1225 1586 quod
1252 1549 1307 1577 ex
1333 1550 1463 1588 grege
1491 1540 1681 1589 eligitur,
1708 1542 1731 1578 2
1751 1541 1825 1579 sed
1845 1541 1912 1578 hic

271 1612 469 1662 ‘egregie'
504 1614 650 1664 valde,
685 1616 833 1653 nimis.
868 1618 920 1660 (α)
955 1624 1153 1652 PRAETER
1179 1624 1344 1653 OETERA
1364 1646 1372 1654 „
1395 1646 1402 1654 .
1425 1646 1460 1654 ..
1490 1626 1780 1654 Mnorocnirnn
1812 1626 1911 1663 ergo

271 1700 358 1728 non
385 1690 646 1729 extenuavit
678 1700 792 1739 rem,
828 1691 905 1730 sed
934 1690 986 1729 ad
1020 1689 1196 1728 laudem
1230 1691 1412 1729 rettulit.

444 1765 466 1798 2
492 1773 516 1798 α
540 1773 621 1801 non
646 1766 711 1801 est
735 1774 830 1809 ergo
854 1765 902 1800 ad
925 1764 1086 1800 laudem
1110 1764 1310 1808 positum:
1341 1765 1487 1810 inquit,
1512 1767 1555 1801 ut
1581 1767 1714 1801 cetera
1729 1765 1910 1800 similiter

392 1818 593 1854 studebat.

149 1903 200 1938 60
334 1901 349 1935 1
401 1907 645 1937 GAUDEBAM
689 1908 775 1938 non
817 1897 932 1936 dixit
973 1894 1254 1946 ‘laudabam’,
1304 1899 1378 1937 sed
1423 1897 1718 1946 ‘gaudebam’:
1762 1899 1911 1937 laudat

269 1974 387 2012 enim
420 1975 555 2012 etiam
589 1974 784 2022 alienus,
819 1975 979 2022 gaudet
1013 1973 1084 2020 qui
1117 1974 1241 2021 pater
1273 1976 1352 2012 est.

443 2046 467 2085 2
493 2050 587 2091 [NON
613 2050 786 2091 INIURIA]
809 2045 833 2088 ¹)
859 2044 881 2066 *
905 2048 1193 2092 intempestive
1217 2048 1333 2084 Sosia
1348 2049 1581 2093 respondet,
1606 2050 1673 2085 sed
1699 2050 1911 2093 prudentia

363 2102 499 2137 tantae
528 2103 755 2138 sententiae
785 2102 1066 2146 compensavit
1094 2101 1457 2145 importunitatem.

151 2184 199 2220 61
323 2182 341 2219 1
386 2191 584 2220 ADPRIME
627 2181 836 2230 <‘ad'>
877 2182 1061 2220 adiectio
1104 2184 1171 2220 est
1204 2180 1569 2231 confirmationis,
1605 2184 1652 2220 ut
1680 2182 1907 2220 adrnira-

271 2255 474 2312 biliter
517 2258 719 2297 dicimus.
764 2259 787 2296 2
831 2269 886 2297 UT
919 2268 975 2296 NE
1010 2268 1113 2303 QUID
1159 2268 1282 2295 NIMrs
1309 2258 1528 2295 sententia
1560 2268 1644 2296 non
1676 2258 1911 2304 incongrua

268 2341 417 2381 servo,
460 2334 561 2382 quia
603 2340 647 2373 et
689 2335 818 2379 (est?)
860 2334 1122 2382 pervulgata
1164 2336 1207 2373 et
1247 2344 1332 2372 non
1375 2333 1560 2372 refertur
1593 2334 1645 2372 ad
1678 2342 1907 2381 personam

268 2407 432 2447 domini
465 2410 652 2448 dicentis
686 2412 730 2449 et
762 2410 812 2449 de
846 2420 929 2457 quo
964 2410 1121 2449 dicitur
1140 2407 1167 2455 2)

443 2483 465 2519 3
506 2484 568 2519 An
607 2484 736 2528 magis
774 2484 867 2528 quia
905 2485 1092 2520 convenit
1127 2483 1269 2520 Sosiae
1308 2493 1374 2519 cor
1413 2482 1623 2527 eiusmodi,
1655 2482 1840 2525 χαρακτήρ
1868 2480 1906 2515 in

416 2537 548 2573 verbis
572 2539 666 2581 est?
692 2539 713 2573 4
740 2538 799 2573 NE
821 2547 915 2579 QUID
940 2547 1052 2573 NIMIS
1078 2539 1190 2574 deest
1205 2538 1342 2582 ‘agas',
1359 2539 1404 2573 ut
1420 2537 1473 2572 sit
1487 2547 1536 2572 ne
1552 2537 1644 2580 quid
1661 2535 1780 2571 nimis
1796 2544 1906 2577 agas.

151 2617 202 2653 62
325 2625 479 2654 FACILE
522 2626 664 2655 OMNES
706 2628 744 2656 P.
777 2628 820 2655 A.
855 2627 892 2655 P.
943 2617 1083 2656 latens
1126 2618 1455 2665 argumentum,
1499 2626 1632 2662 quare
1674 2613 1811 2652 filium
1854 2613 1905 2651 ad

266 2692 540 2730 meretricem
589 2702 866 2731 commeasse
911 2703 1060 2732 errans
1109 2695 1233 2741 pater
1276 2703 1361 2730 non
1404 2692 1455 2730 ad
1499 2690 1786 2738 corruptelam
1830 2686 1908 2725 filii

268 2766 345 2805 sed
385 2767 437 2806 ad
481 2767 738 2815 obsequium
781 2768 1026 2807 amicorum
1069 2769 1270 2807 traxerit.
1316 2768 1340 2805 3
1382 2776 1602 2805 PERFERRE
1634 2763 1908 2803 mediocriter

268 2841 429 2881 stultos
462 2843 735 2891 odiososque.

150 3007 154 3010 ,
194 2976 218 3019 ¹)
243 2976 393 3012 Lemma
417 2977 570 3019 falsurm
595 2979 760 3023 pertinet
784 2977 969 3014 scholium
996 2978 1043 3013 ad
1069 2990 1101 3012 v.
1125 2978 1179 3018 61,
1205 2978 1267 3012 ubi
1295 2977 1388 3011 Don.
1413 2977 1521 3011 aliter
1544 2975 1588 3009 de
1614 2975 1741 3009 eadem
1766 2986 1815 3008 re.

195 3027 218 3070 2)
243 3028 425 3065 Wessner
455 3043 537 3065 cum
569 3031 740 3066 Rabbow
773 3043 839 3075 pro
869 3031 1035 3065 ‘domini’
1067 3030 1217 3069 modo;
1249 3030 1348 3064 idem
1372 3041 1438 3073 pro
1463 3028 1521 3063 ‘et’
1545 3026 1636 3061 sed.
1661 3026 1713 3061 Cf.
1738 3038 1833 3069 quae
1859 3025 1902 3060 de

148 3077 218 3114 hoc
242 3080 384 3116 scholio
408 3082 598 3129 disputavi
623 3082 661 3117 in
687 3082 824 3118 Mnem.
849 3082 894 3117 39
919 3082 1035 3126 (1911)
1057 3095 1092 3126 p.
1119 3082 1183 3117 169
1207 3093 1290 3125 sqq.
1315 3083 1352 3116 et
1375 3081 1472 3116 infra
1496 3080 1533 3115 in
1555 3078 1642 3113 adn.
