2242 3443
315 218 533 244 mmmmm:
1153 207 1208 244 60

303 753 379 790 479

304 976 382 1014 480

313 2019 386 2055 481

321 2859 397 2895 482

451 342 568 370 onus
596 342 639 369 m
669 343 800 370 nmmo
830 343 902 370 EST
932 331 1187 370 terribiliter
1213 331 1325 369 satis
1355 329 1411 368 ‘in
1439 330 1584 368 medio
1612 331 1708 378 est',
1739 330 1863 378 quasi
1891 330 2072 369 retineri

454 418 537 446 non
571 409 708 456 possit
737 418 815 447 nec
842 407 1050 457 cohiberi,
1078 408 1181 456 quin
1209 417 1302 445 rem
1331 405 1484 454 prodat
1510 404 1702 454 publice,
1730 406 1784 450 (a)
1811 406 1836 444 3
1862 405 1943 445 hoc
1969 415 2072 454 ergo

450 483 636 522 sublatis
668 483 915 533 superciliis
947 483 1181 522 dicendum
1216 485 1283 521 est
1316 481 1372 520 ‘in
1407 481 1553 520 medio
1588 481 1685 520 est’.
1714 484 1769 526 (a)

621 558 643 594 2
677 568 700 592 α.
730 560 770 593 et
797 559 1005 602 praeterea
1027 566 1117 592 cum
1143 557 1481 600 argumentorum
1505 564 1657 599 genera
1681 555 1758 591 duo
1784 555 1880 600 sint,
1900 556 2073 598 ἔντεχνον

571 615 627 646 καὶ
660 614 826 656 ἄτεχνον,
853 613 956 647 sicut
977 611 1016 646 in
1044 612 1163 646 rebus
1189 609 1419 646 manifestis
1447 611 1591 654 ἀτέχνῳ
1619 609 1759 645 utitur.
1781 609 1804 646 3
1829 619 1854 645 a
1877 605 1969 645 riam
1992 609 2072 645 len-

570 666 650 701 tius
681 668 783 709 erat,
815 665 848 701 si
878 666 1025 702 diceret
1055 666 1232 710 ‘praesto
1262 665 1352 700 est’.

508 756 605 784 IPSA
635 755 762 784 vuzeo
791 744 960 784 scilicet
986 754 1096 792 quae
1125 745 1169 783 in
1199 744 1470 783 Aeschinum
1491 753 1614 782 reum
1637 745 1682 782 et
1699 743 1831 783 testis
1848 744 1890 782 et
1910 743 2075 782 crimen

451 825 541 869 θεῖς
581 824 624 860 et
655 821 750 860 ideo
784 821 949 860 addidit
981 820 1067 860 ‘res
1098 821 1222 869 ipsa’‚
1257 821 1338 859 hoc
1371 822 1439 859 est
1470 819 1641 869 pondus
1672 820 1785 858 uteri
1817 819 1988 858 exactis
2019 817 2071 857 ad

452 898 706 947 pariendum
741 898 982 939 mensibus.

514 976 532 1012 1
579 984 836 1014 PRAETEREA
880 985 935 1013 UT
967 984 1133 1013 CAPTUS
1165 983 1240 1012 EST
1269 982 1501 1012 SEEvoRUM
1534 971 1586 1011 ad
1619 972 1728 1010 haec
1760 971 2074 1020 intellegamus

453 1049 581 1088 aliter
623 1050 706 1088 dici
748 1060 853 1089 non
896 1051 1141 1089 inertem
1179 1049 1497 1094 Socratem,
1533 1048 1661 1088 aliter
1692 1058 1799 1087 non
1830 1049 2072 1087 inertem

454 1136 697 1174 servum;
740 1125 870 1164 aliter
912 1135 1017 1164 non
1059 1124 1265 1164 malum
1309 1124 1657 1173 Scipionem,
1692 1123 1817 1164 aliter
1849 1132 2074 1163 servum

455 1212 555 1240 non
600 1201 805 1241 malum
850 1211 989 1240 esse.
1034 1201 1058 1239 2
1102 1211 1158 1239 UT
1191 1210 1356 1239 CAPTUS
1389 1211 1465 1239 EST
1499 1202 1717 1248 quantum
1752 1201 1868 1250 capit
1899 1200 2076 1239 animus

453 1277 650 1326 servilis,
693 1279 867 1317 tantum
911 1276 1010 1316 ‘non
1055 1277 1201 1316 malus
1244 1287 1384 1325 neque
1423 1277 1556 1316 irers’
1601 1277 1724 1317 Geta.
1763 1279 1789 1316 4
1822 1287 1879 1316 UT
1911 1284 2077 1316 cAPTUS

457 1364 531 1394 EST
565 1364 795 1394 SEEvoRUM
828 1363 915 1393 NON
947 1364 1096 1393 MALUS
1128 1354 1168 1392 id
1198 1356 1266 1392 est
1300 1355 1348 1392 ut
1375 1363 1423 1392 se
1450 1353 1584 1392 habet
1611 1353 1805 1392 condicio
1832 1362 2076 1402 servorum,

457 1430 666 1470 Afranius
706 1431 750 1469 in
793 1429 1038 1469 Simulante
1082 1425 1378 1473 (ef.9Ribb.³)
1422 1428 1500 1468 ‘uti
1540 1439 1769 1469 servorum
1801 1403 2077 1481 captus'est,

458 1507 670 1546 facillime
698 1506 825 1545 domo
854 1510 984 1554 atque
1013 1508 1165 1545 nostra
1192 1505 1363 1544 familia
1390 1506 1691 1554 provenditur’
1711 1502 1754 1551 1).
1782 1505 1807 1544 6
1825 1514 1913 1544 non
1929 1513 2078 1544 MALUS

460 1583 539 1622 hoc
572 1585 638 1622 est
666 1581 823 1622 fidelis.

629 1657 650 1693 3
691 1667 715 1692 α
749 1658 811 1692 An
851 1656 909 1692 ‘ut
947 1659 1089 1701 captus
1130 1657 1228 1692 est’:
1268 1657 1612 1701 quemadmodum
1643 1665 1766 1702 saepe
1793 1655 2009 1701 aucupium
2037 1654 2077 1690 in

576 1711 706 1747 servis
733 1711 925 1747 habendis
950 1711 1102 1746 bonum
1128 1711 1276 1756 evenit,
1302 1712 1347 1746 ut
1371 1711 1412 1745 in
1438 1712 1557 1756 captu
1584 1710 1718 1746 avium
1743 1710 1806 1746 vel
1830 1710 2000 1755 piscium
2016 1708 2079 1745 vel

577 1765 751 1801 ferarum
775 1765 995 1810 plurimum
1024 1765 1188 1802 fortuna
1217 1765 1479 1801 dominatur?
1504 1767 1544 1802 et
1574 1765 1649 1801 hoc
1672 1765 1775 1811 ideo,
1800 1765 1894 1809 quia
1916 1773 2080 1800 servum

576 1820 726 1855 bonum
756 1820 916 1855 evenire
940 1828 1021 1856 non
1047 1819 1148 1856 ratio
1174 1821 1238 1855 est
1261 1821 1332 1855 aut
1357 1822 1519 1862 natura,
1545 1820 1616 1855 sed
1639 1829 1759 1856 casus
1783 1820 1847 1855 est
1872 1819 2015 1864 utpote
2039 1817 2079 1853 in

579 1883 621 1909 re
649 1873 874 1918 rarissima;
905 1874 950 1909 ut
979 1873 1033 1909 sit
1062 1873 1121 1909 ‘ut
1151 1875 1295 1918 captus
1324 1875 1388 1909 est
1417 1873 1642 1910 servorum’
1671 1874 1716 1909 ut
1745 1874 1919 1910 eventus
1947 1873 2012 1909 est
2039 1871 2078 1908 in

581 1927 721 1965 servis.
752 1927 774 1963 5
803 1928 885 1972 Ego
915 1927 1088 1972 ‘captus’
1116 1929 1271 1964 sortem
1300 1926 1504 1972 intellego.
1830 1925 1833 1928 ’

522 2017 539 2053 1
586 2024 728 2060 NEQUE
770 2025 897 2054 INERS
929 2018 973 2055 et
1005 2017 1147 2055 artem
1182 2015 1362 2055 habens,
1402 2016 1426 2054 2
1461 2016 1659 2056 Oratorie
1690 2015 1887 2055 futurum
1918 2016 2081 2054 testem

463 2094 508 2131 et
548 2091 735 2130 indicem
778 2092 945 2141 laudat,
986 2092 1062 2131 sed
1095 2102 1148 2131 ne
1181 2092 1223 2130 id
1256 2091 1453 2141 improbe
1485 2092 1630 2132 facere
1664 2091 1876 2141 videatur,
1910 2091 2085 2140 parcius

461 2167 504 2206 id
532 2167 652 2216 facit,
682 2163 767 2207 non
794 2178 896 2216 ergo
924 2167 1036 2206 dixit
1064 2167 1218 2206 ‘bonus
1245 2170 1290 2207 et
1315 2167 1502 2218 Sollers’,
1531 2168 1608 2207 sed
1635 2167 1749 2216 quod
1776 2167 1821 2206 in
1850 2176 1980 2206 servo
1996 2166 2081 2206 suf·

463 2242 554 2282 ficit
582 2242 681 2283 ‘non
709 2243 855 2283 malus
887 2254 1026 2292 neque
1054 2244 1211 2291 iners’;
1239 2244 1264 2282 3
1284 2245 1328 2283 et
1345 2243 1594 2293 proferendi
1612 2244 1746 2284 Getae
1763 2244 1872 2284 haec
1888 2243 2085 2283 maxime

464 2329 598 2358 causa
627 2322 712 2368 est,
742 2330 813 2369 ne,
842 2320 956 2368 quod
985 2320 1241 2369 permittere
1269 2320 1473 2359 videatur
1500 2320 1544 2359 in
1573 2330 1701 2360 servo
1728 2319 1952 2369 pauperie,
1970 2320 2084 2358 atro-

466 2396 558 2434 cius
585 2394 683 2442 fiat;
712 2397 737 2434 4
763 2397 806 2434 et
831 2395 966 2434 simul
994 2397 1042 2434 ut
1069 2396 1177 2434 haec
1201 2395 1526 2446 προθεράπευσις
1553 2403 1640 2436 non
1658 2397 1891 2436 contristet
1907 2395 2082 2445 Getam,

464 2481 594 2519 quem
638 2471 758 2520 prius
800 2471 951 2510 laudat
987 2471 1185 2510 dicturus
1218 2471 1348 2511 ‘hunc
1380 2471 1566 2522 abduce,
1600 2472 1736 2522 vinci,
1771 2482 1930 2522 quaere
1961 2473 2085 2511 rem’.

467 2549 491 2586 5
535 2558 635 2585 ALIT
677 2558 802 2587 1LLAs
845 2558 976 2587 SOLUs
1011 2548 1120 2588 duas
1159 2549 1228 2588 hic
1261 2559 1332 2588 res
1365 2549 1511 2588 docet:
1546 2551 1592 2588 et
1623 2550 1737 2589 unde
1769 2549 1941 2597 vivant,
1973 2547 2086 2596 quod

468 2626 775 2664 testimonium
805 2625 1040 2674 pudicitiae
1069 2627 1154 2675 est,
1184 2627 1227 2665 et
1253 2636 1433 2675 gravem
1456 2628 1618 2666 testem
1647 2636 1776 2676 posse
1799 2635 1897 2665 esse
1914 2624 2086 2664 Getam.

468 2703 492 2741 6
520 2712 653 2740 sonus
679 2702 846 2740 incerta
872 2701 1096 2740 distinctio
1125 2703 1193 2740 est
1212 2701 1378 2755 ‘solus',
1397 2702 1473 2742 sed
1491 2702 1653 2742 melius
1671 2704 1739 2742 est
1757 2685 1893 2742 ‘solus
1909 2710 2086 2740 omnem

469 2777 684 2817 familiam
718 2777 973 2815 sustentat’.

532 2856 547 2891 1
579 2853 949 2900 <SUSTENTAT>
977 2853 1056 2891 hoc
1087 2854 1216 2892 verbo
1240 2855 1387 2894 tenuis
1406 2855 1551 2894 victus
1567 2854 1829 2902 ostenditur,
1848 2852 1963 2901 quod
1979 2852 2087 2891 bene

471 2929 582 2976 frugi
613 2938 709 2967 esse
738 2931 1011 2966 monstratur
1044 2930 1085 2967 in
1121 2930 1312 2970 feminiS.
1347 2930 1371 2968 2
1405 2940 1526 2969 Hunc
1557 2940 1730 2969 ABDUCE
1762 2939 1880 2969 VINCI
1912 2937 2086 2974 QUAERE

371 3107 395 3149 ¹)
437 3105 498 3140 Sic
525 3117 655 3140 omnes
680 3104 840 3144 codices,
865 3104 909 3138 ci.
935 3103 1086 3140 Wessn.
1112 3105 1149 3140 in
1173 3118 1204 3140 v,
1230 3105 1252 3140 l.
