2242 3443
6 792 13 819 1-
6 595 15 785 —u-e--z--n—n-mffl.»
7 571 15 591 ,α
11 562 13 567 .

971 166 1054 203 309

124 287 201 322 394
284 286 306 320 4
345 286 392 322 cf.
432 287 529 321 Don.
560 285 646 330 470,
677 285 711 319 4.
838 285 861 320 2
891 288 929 321 et
961 287 982 322 3
1013 289 1126 321 iuxta
1158 286 1309 329 l)on.4,
1338 288 1377 321 et
1407 286 1512 320 illius
1543 286 1701 320 initium
1734 286 1797 319 vix
1827 285 1883 319 in-

232 347 391 391 tellego.

125 408 203 444 396
285 408 308 444 2
338 409 382 444 cf.
412 408 510 443 Eun.
541 407 626 444 277.
714 409 731 443 1
764 408 879 443 iuxta
908 409 952 444 D.
984 408 1018 446 2.

124 469 197 505 397
285 469 302 504 1
335 470 400 504 vix
432 470 547 505 credo
577 470 783 505 Donatum
809 470 882 504 hoc
907 470 1067 505 dedisse
1092 471 1206 505 iuxta
1231 470 1427 505 scholium
1453 470 1608 513 plenius
1629 472 1669 505 et
1684 470 1826 505 fortius
1844 469 1886 511 3;

232 533 443 575 sumptum
474 531 649 566 sortasse
680 541 700 566 0
730 531 880 566 80110110
911 533 958 566 ad
987 532 1081 567 Hec.
1114 531 1201 568 217.

123 591 200 627 399
280 592 369 636 ‘pro
399 593 583 636 personis
608 592 808 628 ridiculae’
833 592 857 628 i.
884 602 916 628 e.
944 594 1167 628 secundum
1194 602 1404 637 personas,
1429 594 1495 636 qui
1522 593 1569 627 iis
1595 595 1766 627 utuntur
1791 593 1888 628 iisve

230 654 469 696 tanguntur.
500 654 554 689 Cf.
587 654 685 688 Eun.
720 652 808 689 789.
842 655 875 690 1.

123 712 198 749 401
281 715 394 750 iunxi
426 716 442 750 1
474 719 513 751 et
543 715 578 760 3,
612 720 655 751 ut
686 715 708 751 2
739 717 915 759 ponatur
948 718 1043 751 ante
1073 717 1119 759 4;
1152 716 1196 751 cf.
1235 715 1322 751 553.
1356 718 1388 751 1.

125 774 202 811 404
286 776 304 811 1
340 777 416 811 An.
448 776 534 813 234.
565 777 601 822 4,
633 776 720 812 556.
806 776 829 811 2
860 778 934 811 An.
965 777 1053 812 479.
1087 778 1119 811 1.
1231 776 1306 812 407
1338 787 1362 811 α
1392 777 1495 811 rhet.

124 835 200 872 412
285 838 307 874 3
337 839 475 874 Schlee
505 849 541 883 p.
576 838 661 874 155.
693 837 762 874 32:
793 838 1015 874 interiectio
1046 838 1296 873 admirantis.
1354 838 1431 873 413
1461 838 1483 873 3
1515 838 1676 872 ‘sedulo'
1708 837 1754 871 ad
1773 836 1833 871 50.
1853 836 1886 871 3.

125 897 202 934 418
288 901 305 936 1
345 911 369 935 α
404 901 725 936 additamentum
766 909 835 944 per
875 900 1111 944 non-sed,
1151 900 1199 934 ad
1238 899 1299 934 74.
1334 900 1365 934 1.
1477 899 1501 934 2
1530 898 1730 935 conclusio
1760 898 1890 933 otiosa.

232 969 301 1005 per
329 970 451 1005 ergo
482 972 502 997 e
531 962 631 997 Don.
665 963 697 998 1.
783 961 806 997 3
835 971 860 996 α
889 962 1045 997 80111ον1
1074 961 1284 997 emblema.

125 1020 199 1057 417
283 1022 465 1058 Donatus
495 1023 631 1067 procul
662 1023 781 1058 dubio
813 1023 987 1067 primum
1018 1023 1124 1059 dedit
1148 1025 1316 1067 etymon
1342 1022 1380 1057 in
1408 1022 1444 1066 2,
1470 1023 1609 1057 deinde
1624 1031 1693 1066 per
1708 1021 1888 1056 coniunc-

231 1083 382 1119 tionem
421 1086 483 1124 (οῑ
521 1085 601 1120 vel
632 1086 820 1129 autem)
849 1085 1188 1129 significationem
1218 1085 1440 1120 derivatam
1463 1084 1515 1125 (in
1547 1083 1593 1123 11.
1621 1083 1754 1118 Cicero
1779 1083 1825 1117 de
1850 1092 1887 1116 n.

232 1145 267 1183 d.
311 1144 346 1181 3.
392 1145 462 1181 25:
505 1148 753 1182 versutos
798 1156 866 1182 eos
908 1146 1078 1190 appello,
1118 1155 1290 1190 quorum
1327 1145 1509 1181 celeriter
1546 1155 1659 1180 mens
1691 1144 1887 1190 versatur,

230 1206 452 1242 callidos
496 1209 647 1253 autem,
691 1217 864 1251 quorum
909 1209 1117 1251 tamquam
1162 1217 1309 1243 manus
1349 1217 1479 1251 opere,
1520 1208 1575 1241 sic
1613 1206 1772 1241 animus
1812 1214 1888 1239 usu

231 1268 456 1304 concalluit.
486 1269 649 1305 Servius
679 1271 727 1304 ad
758 1270 856 1305 Aen,
887 1269 923 1305 4.
955 1268 1051 1304 405:
1081 1269 1189 1304 callis
1215 1271 1276 1304 est
1304 1269 1451 1304 semita
1476 1268 1634 1303 tenuior
1658 1266 1756 1301 callo
1781 1275 1887 1309 peco-

231 1339 320 1364 rum
363 1332 617 1374 praedurata.
661 1331 842 1366 Isidorus
885 1331 949 1366 Or.
991 1330 1051 1367 10.
1090 1331 1160 1367 41:
1202 1330 1430 1365 callidus
1461 1328 1754 1372 fraudulentus,
1785 1327 1888 1370 quod

231 1390 357 1427 celare
400 1393 535 1430 novit.
556 1421 562 1428 .
582 1421 615 1428 ..
646 1394 921 1428 versutum
952 1390 1190 1438 (ponebant)
1219 1402 1265 1428 eo
1294 1392 1396 1434 quod
1426 1391 1605 1426 animum
1635 1389 1713 1425 cito
1744 1389 1888 1424 vertat.

128 1451 205 1488 419
290 1452 308 1487 1
341 1453 399 1487 ‘ad
431 1454 753 1490 amaritudinem’
784 1454 830 1489 cf.
861 1455 908 1489 ad
938 1453 1027 1489 432.

127 1511 203 1548 422
289 1512 307 1548 1
338 1513 383 1549 cf.
414 1515 609 1550 scholium
638 1516 686 1551 ad
720 1515 804 1551 101.
918 1517 935 1550 1
969 1516 1156 1550 otiosum.

127 1575 204 1610 423
286 1575 419 1618 Quint.
450 1575 484 1611 6.
517 1575 550 1612 3.
585 1576 646 1612 47.
753 1577 829 1612 429
861 1576 947 1612 vide
977 1577 1024 1612 ad
1054 1575 1143 1611 415.

127 1635 204 1672 430
288 1636 305 1671 1
338 1637 395 1673 sic
424 1639 531 1673 recte
560 1638 759 1675 Donatus.
871 1639 894 1674 2
924 1637 1044 1681 falsa3
1077 1637 1164 1672 ‘hoc
1192 1636 1348 1672 melius’
1379 1636 1426 1671 cf.
1455 1634 1542 1671 307.
1575 1634 1610 1679 2,
1642 1634 1730 1670 347.
1761 1634 1796 1669 3.

127 1697 201 1733 431
287 1698 311 1734 2
352 1698 475 1734 sicine
516 1699 731 1735 Donatus?
770 1700 871 1735 mira
909 1699 1109 1744 oppositio
1149 1707 1421 1733 servorum
1460 1699 1499 1732 et
1538 1696 1820 1731 amicorum
1851 1696 1889 1729 et

233 1761 478 1803 aptumne
516 1763 579 1796 est
618 1761 664 1796 ad
704 1761 913 1796 dicendum
951 1770 1002 1795 an
1041 1760 1089 1794 ad
1128 1760 1400 1794 audiendum?
1441 1758 1530 1793 vide
1559 1756 1710 1793 scholia
1737 1757 1783 1792 ad
1814 1756 1889 1790 An.

234 1820 294 1856 67.
325 1820 387 1857 68.
419 1821 538 1857 Otto
568 1822 655 1865 Spr.
686 1832 736 1857 w.
767 1832 798 1857 S.
829 1832 866 1857 v.
897 1822 1017 1857 homo
1049 1820 1093 1857 8:
1125 1831 1217 1856 man
1250 1831 1362 1856 muss
1392 1820 1452 1855 die
1476 1819 1690 1855 Menschen
1717 1818 1888 1854 nehmen

235 1882 311 1918 wie
339 1883 396 1918 sie
426 1883 527 1918 sind.

126 1942 203 1980 432
286 1943 517 1980 ‘meliorem'
548 1944 593 1980 cf.
629 1944 714 1981 110.
745 1944 780 1980 3.

127 2005 204 2041 433
289 2004 308 2040 1
351 2007 505 2050 pugnat
548 2016 638 2042 curn
682 2002 780 2041 Don.
821 2005 867 2041 3:
908 2005 994 2041 ‘has
1032 2005 1375 2049 interrogationes
1405 2014 1484 2039 non
1514 2003 1740 2046 inquirendi
1770 2010 1892 2037 causa

234 2068 361 2113 poni';
393 2068 416 2104 2
445 2070 647 2104 contracte
678 2068 806 2103 reddit
834 2067 938 2102 idem
969 2067 1115 2102 Donati
1145 2066 1342 2102 scholium
1372 2065 1410 2100 in
1442 2065 1531 2100 fine.

131 2130 203 2165 135
285 2130 329 2165 ct.
363 2129 425 2165 49.
458 2129 492 2165 3.

125 2189 200 2226 441
288 2192 306 2226 1
335 2191 380 2227 cf.
409 2190 497 2227 540.
525 2191 558 2226 2.
585 2189 661 2226 835
701 2190 736 2233 2,
762 2191 809 2225 ad
831 2192 907 2225 An.
928 2189 973 2226 17
992 2192 1030 2225 et
1048 2189 1135 2225 324.
1155 2189 1177 2224 6
1194 2199 1284 2224 cum
1301 2190 1389 2223 adn.
1478 2188 1495 2222 1
1516 2198 1540 2222 a
1557 2186 1714 2221 notavit
1732 2185 1890 2220 Wessn.

125 2251 202 2287 443
282 2252 324 2287 in
353 2253 482 2296 primo
511 2254 690 2288 membro
720 2253 821 2287 mira
850 2251 998 2287 Donati
1027 2251 1233 2286 dubitatio.

124 2312 203 2349 444
285 2323 309 2348 a
336 2314 493 2350 semovi
521 2314 624 2357 quod
654 2313 752 2348 mihi
780 2312 998 2348 molestum
1030 2312 1227 2348 emblema
1259 2311 1428 2347 videtur.

126 2374 204 2411 450
288 2374 307 2410 1
338 2384 362 2409 α
390 2375 489 2410 1111111
517 2376 644 2417 deest,
673 2374 718 2409 cf.
749 2384 786 2409 v.
819 2373 890 2410 74:
922 2373 1009 2410 ‘hoc
1039 2373 1286 2418 patriumst'.
1371 2372 1395 2408 2
1424 2371 1524 2406 Eun.
1554 2369 1642 2406 301.
1673 2370 1708 2414 3,
1737 2368 1824 2405 899.
1855 2368 1890 2404 2.

234 2435 257 2470 4
286 2436 332 2473 cf.
362 2437 458 2473 Pho.
489 2437 536 2472 de
567 2437 698 2473 ‘ilicet’
731 2435 819 2474 208.
850 2435 886 2474 5.
996 2435 1073 2472 452
1105 2435 1129 2472 2
1157 2436 1304 2471 falsum
1335 2443 1404 2478 per
1433 2433 1534 2469 aut.

126 2497 204 2534 454
287 2499 306 2535 1
341 2498 632 2544 explicationes
662 2497 786 2533 mirae
815 2498 855 2532 et
883 2496 1096 2541 perplexae
1126 2497 1241 2532 iuxta
1267 2493 1642 2539 interpretationem
1672 2491 1891 2535 simplicem

231 2560 376 2596 Donati
404 2560 444 2595 in
476 2560 513 2602 4,
543 2560 610 2594 ubi
635 2559 722 2595 sine
749 2558 866 2593 dubio
891 2559 1172 2602 corrigendum
1198 2560 1262 2594 est
1288 2554 1566 2593 ‘levissimum'
1584 2563 1654 2598 pro
1671 2552 1891 2587 ‘——simae'.

233 2620 256 2657 3
286 2622 332 2657 cf.
364 2621 483 2666 praef.
514 2623 561 2657 de
590 2621 714 2656 schol.
747 2619 866 2655 simil.
898 2621 944 2655 ad
973 2620 1047 2654 Ad.

128 2681 206 2718 456
290 2682 308 2717 1
340 2682 385 2718 cf.
418 2682 487 2717 Ph.
519 2681 606 2727 338,
638 2682 673 2726 3,
704 2681 750 2716 cf.
780 2681 917 2715 Kauer
946 2681 993 2715 ad
1024 2680 1102 2716 h.l.
1188 2679 1210 2716 3
1241 2679 1344 2714 rhet.

129 2743 207 2780 458
287 2743 310 2779 3
340 2745 443 2780 Eun.
473 2742 560 2779 703.
647 2742 665 2777 1
699 2753 723 2777 α
751 2742 907 2777 notavit
937 2741 1098 2777 Wessn.

130 2805 208 2842 460
290 2805 335 2841 cf.
367 2807 443 2840 An.
475 2804 562 2841 533.
594 2804 617 2839 2
646 2813 737 2839 cum
766 2804 856 2838 adn.
887 2814 910 2838 α
941 2804 987 2839 (10
1016 2803 1188 2838 formula
1219 2803 1279 2838 ‘ab
1310 2811 1357 2837 eo
1386 2802 1487 2844 quod
1520 2800 1702 2843 sequitur
1726 2799 1761 2833 id
1786 2798 1889 2841 quod

236 2866 449 2912 praecedit'
475 2866 564 2901 vide
589 2865 692 2900 infra
716 2864 803 2900 823.
831 2864 855 2899 2
879 2875 915 2908 a,
940 2865 986 2900 ad
1013 2866 1089 2901 An.
1116 2864 1178 2906 49,
1202 2864 1288 2898 Eun
1308 2862 1394 2906 762,
1412 2864 1450 2898 et
1468 2862 1556 2897 vide
1572 2862 1611 2896 in
1629 2859 1889 2904 praefatione.

236 2929 569 2964 Additamentum
601 2927 693 2962 ‘non
731 2926 917 2961 iubemus
956 2925 1064 2961 enim
1102 2925 1180 2960 nisi
1214 2925 1318 2967 quod
1349 2920 1610 2959 voluerimus'
1640 2922 1708 2956 vix
1736 2929 1890 2955 verum.

129 2988 206 3025 463
290 2989 451 3033 mirum,
481 2988 526 3024 cf.
558 2987 646 3023 476.
676 2986 712 3023 3.

129 3050 207 3087 464
289 3051 377 3087 vide
420 3050 573 3086 scholia
615 3050 663 3084 ad
704 3059 739 3083 v.
778 3044 941 3093 57‚'ubi
971 3047 1069 3083 Don.
1113 3047 1492 3082 liberalitatem
1531 3047 1570 3080 et
1607 3043 1888 3079 bonitatem
