2242 3443
391 532 460 567 1⁸21

390 1705 465 1741 128

388 2202 460 2239 127

386 2446 461 2482 129

383 2840 459 2876 130

1235 268 1290 305 20

685 394 695 427 1
732 404 755 427 α
786 395 915 436 Atque
946 394 1042 427 adeo
1072 391 1270 426 vultum
1297 390 1370 425 sibi
1401 390 1551 432 fingere
1578 389 1694 424 multi
1720 390 1912 434 possunt,
1937 388 2154 425 formam

629 457 758 483 nemo.
795 449 814 482 2
845 458 866 481 (ι
896 457 974 482 nou
1006 455 1170 481 necesse
1195 446 1258 480 est
1290 443 1533 486 subiungere
1562 443 1662 479 duos
1691 452 1847 478 versus.

684 535 692 567 1
731 543 825 574 Qum
855 543 934 568 ‘rim
967 542 1057 567 MIHI
1086 530 1294 567 excusatio
1324 529 1567 566 necessaria.

680 629 860 654 uoxmux
898 629 945 653 Aa
981 627 1164 653 mucium
1195 616 1393 651 ‘honesta'
1433 616 1479 650 ad
1507 614 1696 659 formam,
1722 614 1900 651 ‘liberali’
1925 616 1972 651 ad
1996 614 2154 653 vultum

627 674 795 709 rettulit.

594 762 617 798 2
655 770 848 799 PRAETER
880 769 1071 797 CETERAS
1103 758 1143 796 id
1178 760 1246 796 est
1278 757 1375 805 plus
1408 767 1540 805 quam
1573 758 1757 796 ceterae.

595 853 617 890 2
661 863 801 891 ATTAT
846 851 986 890 ‘attat’
1020 851 1264 889 interiectio
1298 849 1574 888 admirantis.
1609 851 1633 888 3
1666 859 1750 888 Hoc
1782 860 1915 888 ILLUD
1947 860 2023 889 EST
2051 849 2152 888 δεικ-

535 929 641 966 τικόυ
674 930 767 967 eius
800 929 859 966 rei
893 930 982 974 est,
1017 937 1147 975 quam
1177 928 1220 964 in
1248 927 1397 965 animo
1427 935 1788 975 conceperamus,
1822 925 2043 975 Vergilius
2059 925 2156 966 ‘hoc

536 1005 641 1043 illud
674 1015 712 1053 g.
748 1000 790 1043 f.'
825 1004 946 1045 (Aen.
981 1006 1020 1041 4.
1057 1004 1171 1046 675).

685 1080 700 1114 1
733 1087 947 1113 maeoseu*
975 1087 1078 1112 mico
1107 1087 1145 1112 A.
1176 1077 1251 1112 hoc
1279 1077 1343 1112 est
1373 1075 1579 1120 ‘suspicio'
1609 1076 1671 1111 vel
1700 1075 1846 1120 aliquid
1875 1076 1969 1112 tale.

599 1177 702 1204 fflNc
734 1177 862 1204 ILLAE
895 1176 989 1204 LAc.
1026 1165 1156 1203 ‘hinc'
1191 1175 1246 1203 ex
1279 1165 1361 1203 hac
1393 1174 1542 1203 causa.

593 1260 610 1295 1
633 1268 835 1304 QUORSUM
853 1268 1027 1296 EVADAs
1045 1257 1235 1296 ‘evadas’
1255 1267 1387 1296 exeas
1407 1257 1474 1295 vel
1492 1257 1737 1305 pervenias.
1758 1258 1783 1295 2
1802 1257 1954 1296 FUNUS
1970 1267 2154 1297 INTERIM

533 1345 570 1373 P.
589 1345 622 1373 ε.
642 1334 693 1372 su
710 1345 733 1373 n
748 1345 774 1372 u
788 1345 808 1372 s
837 1345 861 1372 a
888 1333 1114 1372 funalibus
1131 1334 1296 1372 dictum
1316 1334 1385 1372 est
1403 1334 1451 1371 ut
1469 1343 1602 1381 supra
1619 1335 1673 1373 (v.
1697 1333 1794 1372 108)
1812 1334 2082 1373 notavimus.
2101 1335 2155 1376 (a)

536 1411 560 1448 3
608 1413 650 1448 et
687 1410 794 1448 bene
830 1409 976 1448 ‘funus
1007 1410 1203 1459 procedit
1235 1419 1316 1448 nos
1347 1409 1659 1457 sequimur'(a)
1693 1409 1807 1448 unde
1840 1410 1885 1448 et
1916 1410 2153 1458 exsequiae

537 1487 752 1525 dicuntur.

681 1561 702 1595 2
734 1571 758 1595 α
782 1565 823 1596 et
848 1562 911 1596 est
948 1560 1102 1596 funus
1131 1570 1278 1606 pompa
1307 1560 1603 1604 exsequiarum.
1635 1560 1657 1596 3
1684 1571 1708 1596 α
1734 1559 1754 1581 *
1783 1560 1883 1596 dixit
1906 1559 2151 1604 quasizpost

627 1615 758 1659 ipsum
787 1615 985 1654 morituri.

592 1703 611 1740 1
640 1712 700 1740 AD
726 1713 1018 1742 SEPULCHRUM
1041 1713 1235 1742 vEmMus
1250 1701 1562 1750 ‘sepulchrum'
1580 1698 1660 1740 κατ’
1681 1700 1924 1754 ἀντίφρασιν
1940 1702 2149 1752 dicimuS‚

535 1778 646 1824 quod
687 1779 782 1817 sine
823 1789 868 1818 re
910 1778 1093 1827 pulchra
1124 1779 1196 1818 sit.
1231 1780 1256 1817 4
1288 1779 1342 1817 Et
1376 1777 1688 1828 ‘sepulchrum'
1721 1779 1836 1818 dixit
1865 1779 2063 1818 futurum
2100 1780 2152 1818 ut

533 1853 577 1891 in
619 1854 770 1901 quinto
790 1851 835 1904 ²),
870 1865 953 1893 non
986 1855 1099 1902 quod
1131 1855 1220 1893 iam
1252 1856 1383 1893 esset.
1418 1855 1471 1901 (a)
1504 1855 1723 1903 Vergilius
1754 1855 1926 1904 proprie
1959 1853 2020 1893 ‘at
2051 1854 2149 1904 pius

534 1929 719 1969 Aeneas’
752 1932 869 1973 (cett.
902 1931 1011 1969 Aen.
1046 1932 1085 1969 6.
1121 1931 1205 1969 232
1237 1940 1331 1979 sq.)‚

681 2004 702 2038 2
741 2003 762 2025 *
802 2006 863 2040 An
901 2006 1004 2048 quod
1042 2004 1130 2040 sine
1161 2005 1279 2049 pulsu
1310 2005 1391 2041 sint
1415 2006 1453 2040 id
1482 2007 1545 2041 est
1570 2005 1748 2042 mortui?
1782 2005 1805 2040 3
1836 2006 1896 2041 An
1926 2005 2030 2049 quod
2057 2004 2148 2041 illuc

623 2058 781 2100 animae
810 2069 833 2094 a
859 2058 961 2094 vivis
986 2056 1307 2108 sepelliantur2)‚
1331 2059 1368 2094 id
1394 2062 1459 2095 est
1483 2061 1754 2104 separentur?
1779 2060 1842 2095 4a
1858 2058 2146 2105 ‘sepulchrum’

627 2113 733 2147 enim
761 2123 784 2148 a
813 2113 1043 2157 sepeliendo
1072 2113 1235 2149 dictum.

586 2202 610 2236 4
641 2210 764 2244 QUAM
790 2211 921 2239 ΤῙΜΕΟ
943 2210 1148 2245 QUORSUM
1166 2211 1251 2239 non
1272 2201 1439 2240 videtur
1457 2201 1598 2240 adhuc
1617 2201 1768 2240 Sosiae
1785 2201 1963 2250 plenum
1983 2200 2147 2240 amoriS

530 2278 864 2324 argumentum:
884 2277 990 2315 adeo
1008 2277 1166 2325 pendet
1185 2276 1237 2315 ad
1255 2286 1305 2315 ea
1317 2287 1427 2324 quae
1444 2277 1642 2316 dicturus
1655 2279 1723 2316 est
1739 2278 1873 2316 Simo.
1888 2278 1914 2316 5
1926 2275 2146 2315 ἀσύνδετον

535 2351 735 2399 (pertinet
768 2352 820 2390 ad
852 2363 893 2391 v.
931 2351 1044 2401 128).

596 2445 615 2480 1
662 2454 707 2481 IN
743 2453 882 2482 IGNEM
915 2454 1120 2482 IMPOSITA
1151 2454 1226 2482 EST
1257 2442 1447 2494 ἔλλειψις,
1481 2447 1538 2497 (α)
1573 2447 1596 2484 2
1631 2447 1674 2484 et
1706 2446 1817 2485 mire
1849 2456 1950 2485 cum
1984 2444 2142 2485 ‘funus’

528 2529 662 2567 supra
692 2520 867 2558 dixerit.
901 2520 926 2558 3
959 2530 1128 2558 FLETUR
1154 2519 1262 2559 bene
1290 2521 1359 2559 hic
1384 2521 1741 2570 impersonaliter
1770 2521 1946 2560 ‘fletur’:
1975 2521 2027 2561 ab
2054 2531 2144 2561 om-

530 2594 680 2642 nibus;
725 2598 926 2634 extrema
968 2596 1085 2634 enim
1127 2606 1322 2644 quaeque
1364 2599 1640 2636 mortuorum
1675 2608 1831 2637 omnes
1864 2599 2146 2655 commovent

530 2670 582 2707 ad
614 2669 834 2711 lacrimas.
868 2672 893 2709 4
923 2680 1113 2709 INTEREA
1140 2682 1256 2710 HAEc
1287 2682 1322 2713 s,
1356 2673 1398 2711 id
1433 2675 1521 2712 est:
1551 2683 1684 2721 quam
1711 2673 1804 2712 dixi
1830 2683 2027 2713 sororem
2045 2683 2143 2712 esse

529 2743 767 2792 Chrysidis.

588 2848 648 2876 AD
680 2849 900 2877 FLAMMAM
932 2849 1132 2878 ACCESSIT
1166 2850 1493 2880 IMPRUDENTIUS
1524 2842 1694 2881 invenit
1727 2841 1936 2880 affectum
1960 2835 2140 2891 sororis,

528 2913 638 2952 unde
665 2925 819 2953 omnes
851 2915 1065 2953 vinceret:
1095 2917 1227 2954 ceteri
1255 2917 1373 2955 enim
1400 2918 1522 2967 flent,
1553 2918 1661 2957 haec
1677 2918 1884 2957 flammae
1902 2927 1949 2956 se
1965 2916 2139 2966 ingerit,

428 3034 449 3073 ¹}
475 3032 646 3068 Rabbow
670 3045 737 3078 pro
767 3033 817 3068 ‘in
846 3032 991 3076 quinto'
1020 3034 1179 3069 coniecit
1208 3035 1427 3070 ‘tumulum'.
1454 3036 1503 3071 In
1524 3038 1696 3081 quinto
1721 3040 1758 3073 et
1777 3038 2137 3074 similiaidentidem

380 3086 554 3126 leguntur
579 3086 616 3120 in
643 3087 853 3120 commento
878 3085 943 3120 ubi
969 3085 1143 3121 Lucilii
1169 3087 1252 3122 libri
1278 3088 1459 3128 astantum
1484 3089 1725 3126 interciditne
1748 3091 1825 3126 tale
1849 3091 2094 3140 exemplum?

424 3140 448 3181 ²)
476 3137 627 3172 Wessn.
653 3150 734 3172 eum
759 3137 879 3172 Rabb.
903 3138 1172 3182 ‘sepellanturt
