2242 3443
938 161 1020 212 313

100 282 174 318 681
259 282 352 318 Hec.
383 281 470 318 580.
502 281 525 317 2
552 282 657 318 idem
685 283 883 318 Ciceronis
914 285 1167 329 exemplum;
1198 285 1522 329 ‘promerentem'
1552 288 1597 321 ad
1629 286 1716 322 201.

100 344 177 379 685
259 343 282 378 3
323 345 420 379 Eun.
458 342 545 378 907.
583 343 615 378 1.
698 342 722 376 4
753 344 839 378 vide
868 344 915 378 ad
945 344 1014 378 Ph.
1048 343 1135 379 406.
1168 345 1254 380 Non
1286 346 1409 389 probo
1438 345 1682 381 Hartmanni
1711 347 1857 382 coniec-

206 406 321 440 turas
357 409 407 449 (p.
446 403 552 445 181):
592 404 737 439 nimii
776 405 970 439 amoris
1009 407 1047 440 et
1078 406 1425 441 dissimillimi
1456 416 1525 450 pro
1557 408 1664 442 ’nihil
1695 409 1857 443 amoris‘

207 465 358 507 (Klotzz
398 466 634 507 ‘amaroris')
672 466 712 518 et
751 465 1005 501 ‘difficillimi'.
1094 466 1111 501 1
1152 467 1254 503 rhet.
1285 467 1400 502 iuxta
1429 468 1643 511 Donatum,
1674 469 1739 512 qui
1768 469 1805 503 in
1836 468 1858 503 4

207 529 336 563 artem
364 527 602 563 rhetoricam
632 537 706 562 sua
734 527 903 573 ratione,
928 528 964 562 id
990 530 1051 563 est
1077 529 1123 563 ad
1151 529 1373 564 orationem
1399 529 1677 565 illustrandam
1705 529 1860 573 elegan-

208 590 268 623 ter
296 588 490 623 adhibuit.

101 650 178 685 688
262 649 286 685 2
312 650 434 694 rhet.;
465 651 672 694 postrema
699 649 817 685 nimis
848 650 1024 694 puerilia.

101 712 175 747 691
262 711 281 747 1
312 722 336 745 (ι
364 711 641 754 ζ811113.ι1(111111’,
667 711 756 754 quis
781 710 854 746 hoc
880 721 958 747 non
985 711 1124 746 videt?
1149 712 1237 747 vide
1261 713 1309 747 ad
1334 712 1396 747 48.
1421 712 1456 748 3.
1542 712 1693 748 2iuxta
1708 713 1805 748 Don.
1827 713 1860 749 1.

210 773 232 810 3
261 773 306 808 cf.
339 773 437 809 Don.
469 773 511 816 4;
544 772 719 808 ‘menses
748 773 917 808 cessere‘
949 773 1049 808 mira
1077 773 1375 818 interpretatio,
1407 775 1589 817 sequitur
1613 775 1735 810 schol.
1762 775 1861 812 rhet.

210 834 256 870 cf.
287 834 373 871 688.

103 895 179 933 692
262 895 284 931 3
322 896 434 932 Serv.
472 896 519 930 ad
558 897 657 931 Aen.
697 895 732 930 4.
773 895 846 931 231
887 897 928 931 et
967 894 1056 941 431,
1093 896 1197 931 idern
1229 895 1342 931 aliter
1369 897 1416 932 ad
1451 896 1482 932 1.
1515 896 1602 942 252,
1634 896 1792 932 Wessn.
1822 897 1860 931 in

210 967 300 1001 app.
410 957 435 991 4
465 957 621 992 notavit
649 956 811 992 Wessn.

104 1019 181 1055 693
263 1018 286 1053 4
316 1019 456 1054 ‘multo
486 1018 644 1054 melius’
675 1019 790 1062 quasi
819 1019 916 1054 haec
945 1028 1178 1063 synonyma
1208 1019 1310 1054 sint!
1343 1020 1560 1055 non-sed
1589 1020 1636 1055 ad
1668 1019 1728 1054 74.
1760 1019 1795 1054 2.

104 1082 182 1117 696
263 1081 287 1115 4
317 1082 364 1115 ad
394 1080 481 1116 260.
513 1081 548 1116 7.
632 1082 720 1117 697.
753 1081 776 1116 2
804 1082 851 1116 (10
880 1082 1164 1125 pronominum
1196 1081 1233 1115 vi
1262 1082 1310 1116 ad
1339 1082 1410 1116 An.
1446 1081 1571 1117 199.1.

105 1144 181 1179 698
264 1141 308 1177 cf.
340 1142 427 1178 523.
459 1142 494 1187 2,
525 1144 571 1177 ad
600 1143 677 1177 An.
707 1142 796 1177 520.
833 1142 865 1178 1.

104 1205 181 1240 699
263 1203 287 1239 2
323 1203 438 1239 iuxta
474 1204 572 1239 Don.
614 1204 631 1238 1
671 1213 741 1247 per
778 1213 849 1239 an.
889 1204 1072 1239 Donatus
1106 1203 1212 1239 hunc
1242 1203 1419 1239 ordinem
1451 1213 1528 1239 non
1560 1203 1718 1246 quidem
1750 1212 1863 1246 nega-

210 1265 324 1311 verit,
364 1266 434 1301 sed
471 1266 511 1300 in
553 1265 571 1300 1
609 1265 714 1300 aliud
755 1267 818 1301 est
855 1267 959 1309 quod
998 1265 1191 1311 respexit,
1230 1275 1400 1309 quocum
1440 1274 1627 1309 compara
1665 1263 1751 1306 703,
1791 1263 1865 1298 ‘abi

213 1328 338 1372 pater,
368 1328 411 1362 tu
441 1326 576 1370 potius
605 1328 699 1361 deos
727 1336 981 1371 comprecare
1010 1327 1108 1370 sqq.’

109 1388 185 1424 700
242 1387 259 1422 1
291 1387 395 1423 ‘iam’
424 1388 472 1422 ad
505 1387 588 1423 175.
620 1388 655 1424 4.
740 1388 764 1424 2
792 1390 837 1423 ad
870 1388 958 1424 350.
988 1389 1023 1424 4.
1110 1390 1182 1425 701
1215 1388 1238 1424 2
1265 1389 1310 1425 cf.
1336 1389 1435 1424 Eun.
1463 1388 1550 1433 648,
1582 1387 1669 1423 740.
1687 1387 1865 1426 Ad.318.

110 1449 184 1486 702
264 1459 335 1493 pro
363 1449 387 1484 2
416 1459 440 1483 α
467 1450 621 1493 corrige
650 1450 672 1486 3
703 1460 738 1495 a,
770 1450 925 1485 notavit
957 1450 1116 1486 Wessn.

110 1510 184 1547 703
267 1510 290 1546 2
317 1512 459 1545 contra
485 1510 586 1546 Don.
620 1511 651 1547 1.
684 1511 845 1547 Codices
869 1512 1018 1548 habent
1045 1512 1253 1556 ‘pauperes
1279 1513 1344 1556 et',
1370 1511 1530 1546 Wessn.
1547 1512 1645 1546 duce
1661 1510 1865 1554 Stephano

213 1570 333 1606 scite:
375 1571 545 1615 ‘pavere,
577 1573 674 1608 sed'.
704 1573 840 1608 Kauer
869 1574 917 1608 ad
947 1574 983 1608 h.
1013 1573 1037 1609 l.
1068 1582 1148 1608 non
1179 1575 1286 1609 recte
1316 1574 1422 1608 dedit
1451 1573 1612 1617 ‘pavere
1641 1573 1706 1616 et,’
1738 1572 1866 1607 citans

213 1632 289 1667 hoc
330 1632 526 1668 scholium
570 1643 642 1677 pro
681 1635 870 1678 genuino.
911 1635 1009 1670 Vide
1039 1634 1189 1670 scholia
1218 1634 1508 1678 magistrorum
1547 1643 1616 1678 per
1654 1635 1738 1668 sed
1775 1643 1865 1677 ego

215 1693 303 1739 259,
330 1696 416 1730 sed
446 1695 633 1731 melius
665 1694 753 1740 307,
787 1695 874 1731 347.

108 1755 181 1791 707
264 1765 289 1791 α
319 1756 371 1791 ‘et
400 1765 528 1800 paene
556 1757 656 1800 sqq.'
686 1757 784 1792 haec
812 1757 967 1792 Donato
999 1758 1128 1792 danda
1156 1766 1247 1792 esse
1275 1766 1354 1791 non
1386 1756 1538 1801 putavi,
1568 1756 1615 1791 cf.
1647 1754 1734 1791 708.
1767 1755 1801 1790 2.

108 1816 185 1852 710
266 1826 290 1851 a
319 1817 639 1853 additamentum
669 1818 821 1862 puerile
850 1828 920 1862 per
948 1828 1020 1854 an.

110 1877 182 1912 711
268 1886 614 1922 supervacaneum
644 1878 722 1914 nisi
751 1880 892 1915 stulto.
979 1879 1054 1915 713
1086 1879 1104 1914 1
1136 1880 1208 1915 ‘de'
1237 1879 1337 1914 Eun.
1369 1878 1456 1915 280.
1542 1877 1565 1913 2
1594 1879 1694 1913 Eun.
1719 1876 1808 1915 302.
1837 1877 1868 1912 1.

111 1937 183 1974 721
270 1939 288 1973 1
333 1949 358 1973 α
398 1940 617 1976 scholiasta
658 1945 877 1985 exaggerat
921 1941 1060 1976 nimis:
1105 1940 1211 1976 ‘fero’
1251 1942 1290 1975 et
1329 1940 1416 1975 ‘alia
1454 1939 1618 1983 fiagitia'
1654 1949 1734 1974 non
1773 1941 1868 1973 sunt

217 1996 409 2045 ‘niagna’;
440 2003 487 2037 de
515 2002 644 2037 ironia
671 2003 770 2038 Don.
805 2003 837 2038 1.

110 2061 184 2097 722
268 2061 291 2097 2
319 2065 358 2098 et
389 2062 411 2098 3
441 2066 658 2107 utrumque
686 2064 845 2100 Donato
874 2064 1171 2100 concedendum
1202 2065 1373 2108 videtur,
1399 2072 1642 2107 quamquam
1668 2062 1690 2098 3
1715 2061 1870 2097 veriora

215 2123 390 2169 exhibet,
430 2125 475 2161 cf.
519 2125 641 2161 schol.
680 2126 837 2161 Bemb.:
876 2125 1004 2168 ‘quasi
1041 2125 1188 2169 aliquid
1220 2127 1267 2161 de
1295 2125 1517 2169 improviso
1546 2125 1751 2169 repertum
1779 2123 1868 2159 est.'

214 2185 239 2219 4
256 2195 281 2220 α
308 2186 424 2222 iuxta
451 2187 550 2222 Don.
580 2188 604 2222 4
635 2197 707 2231 per
735 2196 816 2232 an3
845 2186 1126 2230 interpretatio
1154 2186 1322 2230 Eclogae
1351 2186 1462 2222 falsa.

113 2245 187 2282 723
273 2246 291 2282 1
321 2248 367 2283 cf.
396 2249 485 2286 564.
517 2249 552 2284 3.
640 2249 711 2285 727
744 2249 819 2283 vid.
852 2248 988 2283 Kauer
1017 2250 1064 2283 ad
1094 2248 1132 2283 h.
1164 2248 1187 2284 l.

112 2307 187 2344 728
271 2308 295 2344 2
327 2308 580 2346 Vertumnus
613 2310 698 2346 191.
731 2306 765 2345 2.
796 2310 891 2346 Ηο0.
926 2309 1012 2346 196.
1099 2310 1173 2346 729
1203 2309 1226 2346 3
1255 2310 1300 2345 cf.
1332 2310 1379 2345 ad
1409 2311 1484 2345 An.
1515 2308 1602 2345 254.

113 2369 186 2405 731
273 2370 301 2405 1·
324 2371 369 2406 cf.
400 2372 491 2407 650.
524 2373 558 2408 1.
644 2372 719 2408 733
748 2372 795 2416 cf,
825 2371 914 2407 482.
944 2372 966 2407 5
997 2372 1038 2407 et
1068 2371 1187 2413 Eugr.
1218 2372 1279 2406 ad.
1311 2371 1349 2406 h.
1380 2370 1403 2406 l.

113 2430 188 2466 735
270 2431 294 2467 2
321 2433 411 2468 adn.
442 2435 489 2469 ad
517 2436 593 2470 An.
626 2433 711 2470 102.
740 2434 776 2469 4.
864 2434 882 2469 1
913 2434 1111 2478 ineptum.
1196 2433 1282 2470 736.
1316 2433 1335 2468 1
1366 2443 1389 2468 α
1424 2433 1613 2469 otiosum.

114 2491 190 2528 740
270 2493 316 2530 cf.
345 2494 482 2530 Kauer
509 2497 557 2531 ad
586 2496 624 2531 h.
653 2495 676 2530 1.

114 2554 188 2590 752
271 2556 295 2592 2
324 2556 411 2592 ‘hoc
439 2566 462 2592 a
490 2557 729 2601 quibusdam
759 2557 915 2601 dicitur,
945 2558 986 2592 at
1013 2566 1086 2600 ego
1114 2555 1496 2600 puto':exemplum
1523 2563 1675 2598 rarum,
1701 2553 1769 2588 sed
1794 2561 1873 2587 non

218 2618 393 2662 unicum,
425 2619 565 2654 scholii
587 2621 627 2654 in
653 2629 730 2662 quo
755 2619 937 2653 Donatus
963 2617 1202 2653 vetustioris
1219 2617 1454 2661 interpretis
1472 2614 1694 2658 (Varronis,
1711 2612 1875 2657 Aspri‘?)

218 2680 405 2723 opinione
443 2680 569 2716 relata
608 2690 726 2716 suam
763 2679 986 2723 subiungit.
1017 2679 1116 2715 Vide
1145 2688 1246 2723 quae
1275 2677 1478 2722 disputavi
1507 2678 1554 2712 de
1578 2676 1665 2712 eius
1694 2675 1872 2711 fontibus

219 2741 296 2778 Mn.
336 2741 398 2778 35.
440 2742 516 2778 416
557 2751 657 2787 sqq.,
696 2742 742 2776 de
778 2740 853 2776 hoc
892 2742 975 2775 loco
1018 2749 1055 2784 p.
1083 2739 1161 2776 433
1185 2739 1253 2785 (=
1280 2739 1346 2774 lib.
1375 2748 1491 2774 meus
1523 2739 1569 2772 de
1599 2746 1745 2772 comm.
1775 2735 1873 2778 orig.

219 2804 259 2838 et
304 2803 455 2848 dispos.
494 2814 530 2848 p.
578 2803 676 2839 1821.
761 2802 784 2838 2
822 2811 846 2835 (ι
884 2801 982 2837 haec
1019 2801 1118 2837 lusit
1151 2801 1418 2845 interpolator
1446 2800 1492 2835 ad
1520 2800 1726 2844 postrema
1755 2797 1874 2832 verba

220 2865 368 2902 Donati
397 2875 468 2910 par
497 2864 665 2900 simul.

119 2929 194 2966 755
279 2927 298 2963 1
331 2927 377 2963 cf.
407 2927 506 2962 Eun.
541 2925 627 2962 192.
659 2926 678 2960 1
710 2926 785 2960 An.
817 2924 906 2961 510.
936 2925 972 2959 4.
1057 2924 1081 2960 2
1110 2924 1155 2960 cf.
1185 2923 1273 2960 794.
1305 2923 1338 2959 2.

117 2991 189 3027 761
276 2990 294 3026 1
325 2999 350 3024 α
379 2988 702 3024 additamentum
728 2996 798 3030 per
827 2985 1019 3022 etenim
1048 2987 1205 3030 pugnat
1227 2994 1318 3020 cum
1343 2993 1389 3019 eo
1408 2982 1514 3026 quod
1530 2982 1594 3017 est
1609 2979 1874 3023 σωματοποιία-

168 3089 172 3092 ,
222 3050 246 3087 2
273 3050 364 3086 vide
392 3049 555 3085 Wessn.
585 3057 674 3092 app.
866 3048 869 3049 ⁷
