2242 3443
947 212 1027 249 163

110 341 186 377 429
319 340 331 373 l
374 339 523 381 [SAEPE
557 347 607 373 ET
636 346 803 373 FERTUR
836 344 880 372 [N
915 337 1074 380 PRiMlS]
1103 331 1129 384 ¹)
1164 345 1247 372 non
1281 344 1335 372 ex
1369 335 1486 382 ipso;
1521 345 1622 373 nam
1652 338 1743 373 erat
1772 346 1867 373 con-

255 412 439 450 trarium
482 411 694 459 superiori
736 406 795 458 (v.
840 411 954 455 421).
1003 412 1026 447 2
1066 421 1189 448 MEUM
1225 421 1297 447 EST
1331 420 1417 448 non
1451 420 1585 448 sensu
1631 412 1758 449 modo
1792 412 1867 448 sed

257 486 402 526 verbis
432 497 599 534 quoque
631 486 739 535 ipsis
772 488 944 534 agreste
977 488 1065 533 est,
1101 485 1214 533 quod
1246 495 1361 523 nunc
1394 485 1498 523 dicit
1532 485 1695 524 ‘meum
1730 487 1827 524 est'.

110 567 186 602 430
318 564 336 600 1
372 572 506 600 DOLET
535 572 698 600 DICTUM
727 571 995 599 IMPRUDENTI
1025 570 1320 599 ADULESCENTJ
1348 570 1398 597 ET
1417 570 1570 598 LIBERO
1590 561 1710 599 deest
1731 560 1866 598 ‘mihi'

259 640 307 675 ut
339 638 419 677 sit:
453 637 568 676 dolet
600 637 733 684 mihi;
768 638 791 675 2
810 639 874 689 (α)
893 637 1056 675 addidit
1083 637 1198 675 enim
1229 636 1470 685 parasitus,
1499 646 1582 683 quo
1609 637 1785 684 gravius
1815 637 1872 674 sit

253 714 438 761 dictum,
484 713 912 751 commiserationem
955 712 1065 760 eius,
1111 701 1157 750 in‘
1196 722 1325 759 quem
1370 712 1536 750 dictum
1586 713 1669 759 est,
1722 714 1870 760 utpote

261 788 672 837 imprudentem
729 787 1165 827 adulescentem
1224 789 1276 825 et
1308 787 1572 834 liberum3
1621 787 1703 826 scit
1752 787 1869 825 enim

260 865 460 904 homines
493 864 653 903 stultos
686 864 826 903 malos
860 865 995 902 videri
1029 863 1152 902 velle.
1186 866 1211 900 4
1244 873 1514 900 IMPRUDENTI
1547 864 1670 901 cuius
1702 863 1762 901 rei
1795 863 1870 901 im-

260 940 496 989 prudenti?
530 941 697 978 scilicet
725 941 796 987 qui
823 940 1008 978 minime
1036 939 1230 978 crederet
1258 938 1335 976 tali
1364 949 1410 977 se
1438 940 1604 987 percuti
1632 948 1760 986 posse
1778 948 1871 976 con-

255 1016 360 1054 vitio
392 1020 468 1054 aut
500 1026 600 1054 cum
633 1015 712 1054 tali
746 1016 838 1054 viro
872 1015 954 1053 sibi
986 1025 1078 1053 rem
1111 1015 1320 1053 futuram.

435 1090 456 1124 2
485 1101 509 1124 α
537 1091 578 1125 et
607 1090 781 1126 ‘dictum'
811 1089 1064 1134 participium
1094 1091 1173 1133 est,
1204 1088 1241 1123 id
1271 1088 1334 1123 est
1363 1088 1465 1131 quod
1495 1087 1643 1123 dixisti.
1674 1088 1695 1122 3
1722 1088 1770 1123 Et
1786 1088 1872 1122 vide

379 1144 602 1187 parasitum
632 1145 670 1179 in
699 1144 826 1180 isdem
857 1143 1026 1187 versari,
1057 1152 1146 1177 cum
1173 1143 1227 1177 ait
1253 1151 1378 1185 supra
1403 1141 1649 1186 ‘iugularas‘‚
1675 1142 1737 1176 hic
1755 1141 1873 1177 ‘dolet

379 1198 555 1233 dictum'.
587 1200 609 1233 5
639 1198 688 1233 Et
717 1198 774 1233 sic
802 1198 939 1233 laudat
970 1196 1159 1240 militem,
1186 1198 1229 1231 ut
1256 1198 1335 1231 iam
1361 1195 1623 1231 miseratione
1648 1196 1793 1238 dignus
1820 1196 1874 1230 sit

379 1252 629 1295 adulescens,
660 1254 744 1287 tam
767 1251 910 1287 festive
934 1252 957 1295 †
984 1251 1020 1285 vi
1038 1248 1064 1292 2)
1091 1252 1134 1285 ut
1158 1251 1237 1285 iam
1262 1250 1445 1286 misereri
1467 1249 1720 1285 inimicorum
1745 1250 1872 1284 vacet.

116 1328 188 1363 431
323 1324 342 1360 1
387 1334 443 1361 AT
485 1334 536 1361 TE
578 1334 622 1361 DI
664 1333 864 1361 PERDANT
909 1332 1020 1361 nove
1064 1322 1276 1360 Parmeno
1315 1331 1401 1360 non
1435 1330 1532 1359 cum
1565 1321 1676 1369 ipso,
1712 1321 1788 1358 sed
1822 1321 1873 1358 de

262 1398 356 1446 ipso
382 1398 573 1447 loquitur
600 1409 686 1438 non
712 1398 931 1437 audiente.
961 1398 984 1435 2
1016 1396 1247 1448 Εῑρωνικῶς
1274 1397 1489 1436 Parmeno
1518 1397 1587 1435 hic
1611 1396 1727 1435 male
1745 1396 1871 1434 facit:

266 1473 324 1512 ‘at
356 1476 399 1513 te
431 1475 473 1514 di
504 1475 705 1524 perdant’
739 1475 893 1522 inquit.

120 1554 194 1590 432
322 1560 421 1589 RISU
454 1561 594 1589 OMNEs
621 1560 693 1596 QUI
722 1559 927 1588 ADERANT
956 1559 1134 1588 EMORIRI
1161 1548 1389 1597 disciplina
1415 1549 1483 1587 est
1510 1548 1689 1587 comicis
1707 1550 1755 1586 ut
1772 1547 1873 1586 stul·

265 1628 334 1666 tas
370 1628 614 1666 sententias
647 1628 709 1666 ita
741 1628 875 1666 etiam
917 1627 1076 1665 vitiosa
1107 1626 1240 1664 verba
1271 1625 1488 1664 ascribere
1520 1623 1715 1663 ridiculis
1746 1624 1875 1671 impe-

265 1703 446 1752 ritisque
487 1704 705 1752 personis,
749 1706 796 1741 ut
828 1703 1009 1741 Plautus
1043 1701 1152 1741 ‘ibus
1184 1701 1467 1740 denumerem
1503 1700 1784 1748 stipendium'
1818 1699 1876 1737 in-

264 1780 359 1827 quit
389 1780 491 1821 (Mil.
526 1791 565 1818 V.
601 1777 672 1831 74)
703 1790 757 1818 ex
790 1788 977 1828 persona
1009 1777 1190 1824 militis;
1224 1778 1369 1825 itaque
1401 1777 1471 1815 hic
1505 1776 1712 1815 ‘emoriri’
1745 1775 1874 1823 dixit,

265 1857 309 1894 at
336 1866 439 1895 vero
467 1856 640 1895 Atticus
667 1855 926 1894 adulescens
953 1855 996 1893 in
1026 1854 1183 1892 Heaut.
1211 1859 1266 1895 (v.
1297 1853 1397 1897 917)
1427 1851 1578 1891 ‘emori
1600 1852 1754 1901 cupio’.
1772 1851 1879 1889 Vide

266 1931 399 1980 igitur
431 1934 607 1981 poetam
640 1942 715 1980 pro
747 1930 842 1969 loco
875 1940 926 1968 ac
956 1933 1154 1979 tempore
1187 1930 1298 1968 scire
1330 1928 1432 1976 quid
1464 1928 1593 1967 dicat.

123 2012 197 2048 433
325 2009 349 2046 2
393 2018 479 2047 NON
520 2017 695 2046 INIURIA
736 2007 817 2046 hoc
859 2007 924 2045 sic
955 2005 1206 2055 pronuntia,
1241 2004 1609 2053 quemadmodum
1643 2002 1715 2041 ille
1747 2011 1878 2051 supra

268 2087 323 2129 (v.
358 2085 457 2127 418)
493 2082 609 2131 ‘quid
641 2084 685 2122 ni
719 2083 883 2121 esset?’

443 2161 459 2193 1
499 2167 740 2193 METUEBANT
781 2166 909 2192 OMNES
940 2166 1010 2192 IAM
1039 2166 1094 2191 ME
1122 2165 1173 2191 ne
1202 2154 1264 2190 cui
1292 2155 1461 2190 dicerem
1493 2154 1620 2198 ‘lepus
1649 2154 1736 2188 tute
1765 2162 1808 2188 es
1838 2154 1878 2187 et

387 2213 695 2257 pulpamentum
724 2212 883 2255 quaeris
896 2209 926 2246 ‘2’
958 2211 1064 2252 (42(5)
1093 2212 1163 2245 aut
1191 2210 1305 2245 ‘eone
1329 2218 1372 2244 es
1396 2208 1525 2253 ferox⁷
1552 2207 1644 2251 quia
1667 2206 1877 2242 habesim-

388 2267 542 2310 perium
571 2266 611 2301 in
640 2265 778 2301 beluas
790 2265 822 2300 ‘2'
852 2265 971 2307 (415).

125 2342 199 2377 434
316 2334 496 2376 ‘PURGON
528 2348 608 2376 Eeo
641 2348 700 2375 ME
733 2347 786 2374 DE
819 2346 916 2374 ISTA
944 2345 1099 2373 THAIDI
1128 2332 1336 2383 οἰκονομία
1365 2333 1418 2372 ad
1445 2332 1568 2372 litem
1597 2332 1788 2371 futuram
1820 2332 1877 2368 in-

269 2415 335 2452 ter
368 2413 553 2451 militem
588 2415 631 2451 et
663 2411 888 2450 Thaidem.

126 2492 201 2529 435
327 2499 438 2534 QUOD
470 2499 562 2527 EAM
589 2499 648 2526 ME
674 2497 827 2526 AMARE
854 2495 1121 2524 SUSPICATUR
1148 2485 1247 2533 quia
1274 2486 1457 2532 apparet
1482 2483 1602 2522 illam
1632 2482 1762 2520 militi
1780 2491 1876 2528 quo-

270 2575 351 2612 que
382 2563 480 2602 κατὰ
512 2563 553 2602 τὸ
586 2563 845 2613 σιωπώμενον
878 2562 1145 2609 ostendisse,
1180 2560 1292 2608 quod
1326 2560 1437 2598 dixit
1468 2559 1717 2597 Phaedriae.

126 2639 201 2675 436
440 2649 540 2675 1MMo
569 2649 677 2674 AUGE
706 2647 829 2673 MAeis
861 2645 1123 2672 SUSPICIONEM
1151 2635 1248 2671 haec
1276 2632 1353 2670 erit
1377 2643 1499 2669 causa
1522 2632 1706 2668 reiciendi
1728 2630 1876 2666 militis.

128 2715 199 2751 437
331 2714 347 2749 1
395 2721 488 2750 scm
529 2720 746 2756 SIQUANDO
783 2709 1004 2748 monentis
1043 2709 1112 2745 est
1147 2707 1288 2745 dicere
1323 2705 1442 2744 ‘scin'
1478 2704 1546 2742 vel
1579 2703 1729 2741 ‘scito’.
1764 2702 1787 2738 2
1823 2711 1874 2738 si-

272 2796 446 2832 QUANDO
478 2797 579 2824 ILLA
610 2794 865 2824 MENTioNEM
899 2783 1137 2831 ‘siquando’
1172 2784 1214 2819 et
1245 2781 1386 2829 prima
1418 2780 1587 2828 syllaba
1611 2778 1706 2816 acui
1733 2777 1878 2824 potest

271 2866 314 2901 et
345 2863 507 2911 media,
541 2864 689 2900 tamen
723 2861 864 2899 variet
896 2859 1178 2898 sententiam.

176 3013 199 3056 ¹)
224 3013 372 3048 Lemma
396 3013 509 3048 debet
533 3025 617 3047 esse
639 3011 848 3047 ‘audieras’.

171 3065 196 3107 ²)
222 3065 374 3110 Requiri
398 3065 565 3100 videtur:
591 3067 676 3099 ‘tam
704 3064 845 3108 petitus
872 3061 1077 3100 violenter’,
1103 3061 1159 3095 vel
1188 3060 1260 3094 lale
1288 3060 1389 3102 quid.
