2242 3443
130 498 232 534 1083

122 1228 224 1264 1084

120 1455 221 1491 1085

123 1886 226 1922 1084

123 2038 222 2074 1086

122 2266 220 2302 1087

119 2567 220 2604 1088

118 2940 219 2977 1089

974 220 1057 258 237

309 353 384 381 rex
413 343 653 391 accipiebat
680 344 704 382 i.
735 344 788 381 a.’
815 341 939 392 (Aen.
967 346 1005 382 3.
1026 345 1139 393 353),
1166 345 1189 382 2
1209 354 1324 382 NEMO
1346 355 1506 383 MELIUS
1525 356 1715 384 PRORsus
1734 346 1887 384 horum

309 418 497 457 alterum
532 421 794 468 apparatum
830 420 1008 466 indicat,
1043 420 1231 458 alterum
1265 421 1450 468 copiam.

370 497 389 533 1
426 505 570 533 MIRUM
603 506 648 533 N1
680 506 802 534 ILLOC
835 506 878 533 H.
913 505 950 540 Q.
985 506 1022 533 P.
1057 506 1094 533 O.
1128 506 1203 534 EST
1237 496 1375 534 facete
1408 496 1520 534 dixit
1545 497 1802 535 adulescens
1832 496 1893 534 rei

304 580 460 618 parcus
492 573 534 609 et
565 572 637 618 qui
669 573 792 618 putat
825 581 1019 609 amorem
1053 571 1146 609 sine
1179 572 1341 610 damno
1375 582 1472 610 esse
1506 575 1702 620 oportere
1735 572 1893 619 quique

304 645 508 684 fefellerit
544 648 842 695 meretricem,
877 657 963 685 non
997 647 1141 685 solum
1177 647 1421 686 eiciendum
1457 659 1541 686 non
1575 658 1672 686 esse
1704 648 1891 686 militem

302 722 377 760 sed
410 723 565 769 quovis
597 723 723 761 modo
756 723 1066 761 sustinendum
1099 733 1148 761 ac
1176 723 1506 771 perferendum:
1537 725 1561 762 3
1582 730 1741 766 (MIRUM
1761 729 1892 766 CETT.)

303 798 391 845 hic,
429 798 590 846 inquit,
625 798 839 837 eiusmodi
873 801 960 847 est,
995 801 1045 836 ut
1077 799 1214 837 etiam
1249 809 1347 837 cum
1382 799 1500 838 mala
1532 800 1784 838 condicione
1816 809 1889 847 pa·

301 874 553 912 ciscendum
592 874 663 912 sit.
697 875 722 912 4
756 885 861 912 IDEM
894 884 975 913 EGO
1008 884 1228 913 ARB1TROR
1260 875 1347 913 iarn
1382 885 1489 923 Opus
1521 875 1604 913 fuit
1637 876 1887 914 consensio-

299 949 368 987 nis
399 950 628 998 praecipue
661 951 916 998 Phaedriae,
951 951 1075 990 cuius
1107 962 1177 990 res
1209 952 1375 1000 agitur;
1414 962 1518 989 nam
1551 952 1613 989 ita
1640 954 1682 990 et
1714 953 1891 990 servata

299 1035 484 1072 persona
514 1028 581 1064 est
613 1026 734 1064 tarde
768 1027 1086 1065 consentientis
1119 1028 1342 1066 amatoris.

468 1100 489 1134 2
519 1110 653 1135 MIRUM
679 1110 721 1136 NI
750 1110 775 1135 1.
794 1111 834 1136 H.
861 1101 1033 1136 obtinuit
1051 1101 1255 1145 parasitus
1284 1102 1365 1136 iam
1381 1103 1485 1145 quod
1501 1101 1744 1145 negabatur:
1762 1101 1889 1145 primo

415 1153 700 1198 deliberatum,
726 1156 770 1189 ut
795 1154 898 1198 ‘quid
926 1155 1085 1199 agimus
1098 1155 1143 1200 ‘?’‚
1170 1156 1262 1200 post
1283 1165 1523 1191 consessum
1549 1155 1709 1190 ‘mirum
1727 1156 1889 1191 nicett.’

361 1226 379 1262 l
414 1235 547 1264 ΒΕΟΤΕ
579 1237 748 1264 FACirrs
780 1227 1023 1274 gratiarum
1057 1227 1169 1265 actio
1204 1229 1285 1266 est.
1320 1228 1343 1265 2
1377 1237 1503 1265 UNUM
1537 1238 1671 1265 ΕΤΙΑΜ
1704 1237 1780 1265 vos
1809 1237 1888 1265 ORO

297 1300 521 1340 subtiliter
552 1303 686 1340 etiam
720 1303 943 1350 parasitus
976 1302 1044 1341 hic
1077 1313 1124 1341 se
1157 1303 1358 1351 adiungit
1383 1313 1574 1350 suasque
1600 1304 1748 1351 partes
1774 1300 1889 1341 circa

299 1376 378 1414 hos
411 1377 511 1425 agit.

358 1454 377 1490 l
412 1463 535 1492 sArrs
562 1464 638 1492 Dm
670 1464 751 1492 IAM
784 1464 868 1493 Hoc
898 1465 1049 1493 SAXUM
1080 1466 1116 1493 v.
1148 1455 1245 1493 vide
1270 1454 1643 1502 quemadmodum
1672 1455 1885 1503 paulatim

296 1532 447 1577 serpat
481 1530 617 1568 etiam
645 1530 688 1568 in
722 1530 878 1569 horum
911 1531 1260 1569 assentationem
1295 1541 1348 1569 ex
1367 1530 1690 1578 vituperatione
1714 1530 1884 1569 militis.

297 1604 321 1642 2
355 1615 438 1644 Hoc
480 1615 514 1644 s.
550 1616 687 1644 VOLvo
730 1606 1009 1654 proverbium
1049 1607 1093 1645 in
1136 1616 1234 1655 eos,
1273 1606 1346 1654 qui
1382 1606 1427 1644 in
1462 1605 1707 1644 extricabiii
1738 1606 1886 1644 labore

298 1680 450 1720 afflicti
481 1684 597 1730 sunt,
632 1686 656 1720 4
689 1684 748 1723 (H.
782 1693 815 1721 s.
850 1685 905 1723 v.)
939 1683 1058 1721 velut
1089 1682 1303 1730 Sisyphus
1336 1682 1448 1730 apud
1487 1681 1662 1721 inferos.

441 1756 486 1844 ῘΙ3
526 1757 571 1791 Et
611 1757 712 1792 bene
753 1757 927 1792 ‘saxum’
959 1758 1005 1793 de
1035 1756 1162 1793 stulto
1192 1757 1330 1800 milite,
1360 1757 1401 1792 et
1430 1756 1564 1801 ipsum
1595 1760 1740 1797 <se>
1773 1756 1879 1801 Sisy-

413 1819 436 1854 p
471 1820 539 1845 um
568 1810 670 1846 fecit.

361 1882 386 1921 3
417 1892 472 1920 UT
505 1892 564 1920 ΜΕ
597 1892 642 1920 IN
660 1892 861 1921 VESTRUM
879 1892 1056 1921 GREGEM
1073 1883 1162 1920 iam
1180 1883 1259 1920 hos
1278 1882 1431 1920 laudat
1450 1883 1493 1920 et
1511 1881 1644 1920 nimis
1661 1881 1883 1929 parasitus

298 1960 382 2007 est,
411 1959 449 1997 si
476 1959 718 1999 recordaris
747 1959 933 1998 eundem
962 1959 1128 1997 dixisse
1155 1958 1327 2007 ‘facete,
1358 1957 1519 2006 lepide,
1549 1968 1589 1996 n.
1620 1958 1670 1996 ss
1693 1960 1747 1997 (V.
1768 1958 1881 2000 427).

360 2035 379 2072 1
415 2046 471 2073 AT
504 2044 585 2073 EGO
618 2045 698 2073 PRO
729 2045 848 2074 rsroc
880 2035 1171 2073 subaudimus
1204 2033 1261 2072 ‘et
1293 2044 1391 2072 sum
1425 2034 1524 2083 hic’,
1559 2033 1686 2071 aliter
1719 2043 1804 2071 non
1836 2035 1883 2071 ut

295 2111 529 2158 parasitus.
573 2111 596 2148 2
640 2121 868 2150 PHAEDRIA
909 2120 960 2148 ET
993 2120 1048 2148 'ru
1082 2120 1287 2148 CHAEREA
1319 2109 1474 2148 ambos
1507 2109 1725 2161 nominat,
1758 2109 1883 2156 quasi

294 2185 466 2234 legibus
497 2187 787 2235 paciscantur.

363 2263 382 2300 1
417 2273 536 2301 Hunc
571 2273 867 2302 cOMuDENDUM
901 2273 1002 2301 cum
1031 2262 1188 2301 ceteris
1216 2261 1346 2300 rebus
1373 2271 1577 2299 summus
1605 2262 1732 2309 poeta
1750 2260 1878 2299 etiarn

279 2336 423 2376 fidem
451 2338 644 2377 ostendit
671 2338 892 2377 amicitiae
916 2338 1175 2386 parasiticae
1194 2336 1395 2384 exemplo
1413 2336 1659 2375 Gnathonis
1676 2336 1726 2374 de
1739 2335 1878 2373 milite

294 2413 513 2461 loquentis
544 2415 625 2452 hoc
656 2414 797 2452 modo.
833 2414 857 2452 2
890 2423 1073 2452 PROPINO
1105 2413 1245 2451 facete
1277 2413 1388 2451 dixit
1420 2414 1469 2450 ut
1500 2412 1717 2460 parasitus
1747 2412 1788 2449 et
1807 2411 1878 2457 qui

295 2489 346 2528 de
378 2490 578 2529 convivio
608 2490 871 2538 loqueretur.

357 2566 376 2603 1
421 2575 582 2604 menos
622 2576 697 2604 EST
741 2566 848 2604 haec
890 2566 1023 2604 verba
1065 2565 1221 2604 ultima
1262 2565 1379 2613 longi
1411 2564 1631 2603 sermonis
1665 2562 1876 2601 eiusmodi

289 2643 410 2689 sunt,
446 2644 493 2681 ut
525 2643 633 2681 haec
664 2642 793 2680 miles
826 2642 1008 2681 audiens
1039 2641 1269 2680 laudatum
1303 2651 1349 2679 se
1385 2650 1480 2678 esse
1513 2641 1556 2678 et
1588 2637 1874 2686 approbatum

290 2717 529 2757 existimet.
563 2719 587 2756 2
619 2728 695 2756 UBI
727 2728 795 2756 V1s
827 2716 1062 2756 honorifice
1095 2718 1275 2755 revocat
1306 2715 1557 2763 ablegatum
1591 2724 1689 2752 cum
1717 2712 1875 2750 iniuria

292 2792 470 2832 dicendo
503 2793 592 2832 ‘ubi
623 2794 720 2842 vis’‚
753 2793 853 2841 quia
886 2789 1086 2831 ‘accede''
1119 2791 1431 2840 imperativum
1466 2791 1573 2828 erat.

460 2867 483 2902 3
511 2868 561 2903 Et
589 2868 682 2903 ‘ubi’
709 2867 787 2902 nisi
816 2867 1014 2910 quando
1042 2865 1288 2902 intellexeris
1318 2865 1461 2900 vitium
1491 2865 1566 2899 est.

354 2941 373 2976 1
408 2949 492 2977 ISTI
523 2949 574 2977 ΤΕ
605 2948 889 2977 IGNORABANT
922 2936 1060 2986 figura
1093 2936 1266 2987 diloyla:
1297 2936 1350 2974 ad
1378 2937 1612 2981 utrumque
1640 2932 1756 2971 enim
1783 2942 1871 2979 per-

291 3014 420 3062 tinet,
454 3016 498 3053 et
528 3015 582 3052 ad
611 3014 787 3053 laudem
815 3015 857 3052 et
883 3014 936 3052 ad
963 3010 1463 3060 <vituperationem>.
1494 3010 1517 3047 2
1536 3018 1675 3046 MORES
1693 3016 1873 3045 OSTENDI

293 3100 331 3128 T.
366 3092 408 3128 et
441 3091 522 3128 hoc
554 3090 826 3138 ambiguum.
