<?xml version="1.0" encoding="UTF-8"?>
<!DOCTYPE html PUBLIC "-//W3C//DTD XHTML 1.0 Transitional//EN"
    "http://www.w3.org/TR/xhtml1/DTD/xhtml1-transitional.dtd">
<html xmlns="http://www.w3.org/1999/xhtml" xml:lang="en" lang="en">
 <head>
  <title>
</title>
<meta http-equiv="Content-Type" content="text/html;charset=utf-8" />
  <meta name='ocr-system' content='tesseract 3.04.00' />
  <meta name='ocr-capabilities' content='ocr_page ocr_carea ocr_par ocr_line ocrx_word'/>
</head>
<body>
  <div class='ocr_page' id='page_1' title='image "./commentidonatian00donauoft/commentidonatian00donauoft_0035.png"; bbox 0 0 2242 3443; ppageno 0'>
   <div class='ocr_carea' id='block_1_1' title="bbox 722 1169 1351 1265">
    <p class='ocr_par' dir='ltr' id='par_1_1' title="bbox 722 1169 1351 1265">
     <span class='ocr_line' id='line_1_1' title="bbox 722 1169 1351 1265; baseline 0 -6"><span class='ocrx_word' id='word_1_1' title='bbox 722 1169 1351 1265; x_wconf 66' lang='lat' dir='ltr'><strong>ANDRIA</strong></span> 
     </span>
    </p>
   </div>
   <div class='ocr_carea' id='block_1_2' title="bbox 826 1440 1246 1492">
    <p class='ocr_par' dir='ltr' id='par_1_2' title="bbox 826 1440 1246 1492">
     <span class='ocr_line' id='line_1_2' title="bbox 826 1440 1246 1492; baseline -0.002 0"><span class='ocrx_word' id='word_1_2' title='bbox 826 1440 1246 1492; x_wconf 89' lang='lat' dir='ltr'>PROLOGUS</span> 
     </span>
    </p>
   </div>
   <div class='ocr_carea' id='block_1_3' title="bbox 157 1635 1913 2445">
    <p class='ocr_par' dir='ltr' id='par_1_3' title="bbox 157 1635 1913 2445">
     <span class='ocr_line' id='line_1_3' title="bbox 157 1635 1913 1686; baseline 0.001 -10"><span class='ocrx_word' id='word_1_3' title='bbox 157 1642 176 1677; x_wconf 95' lang='lat'>1</span> <span class='ocrx_word' id='word_1_4' title='bbox 303 1637 328 1675; x_wconf 80' lang='lat'>2</span> <span class='ocrx_word' id='word_1_5' title='bbox 371 1648 510 1676; x_wconf 72' lang='lat' dir='ltr'>POETA</span> <span class='ocrx_word' id='word_1_6' title='bbox 551 1647 640 1676; x_wconf 78' lang='lat' dir='ltr'>CUM</span> <span class='ocrx_word' id='word_1_7' title='bbox 682 1648 720 1676; x_wconf 90' lang='lat' dir='ltr'>P.</span> <span class='ocrx_word' id='word_1_8' title='bbox 763 1648 806 1675; x_wconf 88' lang='lat' dir='ltr'>A.</span> <span class='ocrx_word' id='word_1_9' title='bbox 850 1647 893 1675; x_wconf 85' lang='lat' dir='ltr'>A.</span> <span class='ocrx_word' id='word_1_10' title='bbox 933 1647 967 1675; x_wconf 85' lang='lat' dir='ltr'>s.</span> <span class='ocrx_word' id='word_1_11' title='bbox 999 1647 1043 1674; x_wconf 84' lang='lat' dir='ltr'>A.</span> <span class='ocrx_word' id='word_1_12' title='bbox 1078 1635 1268 1675; x_wconf 78' lang='lat' dir='ltr'>Intentio</span> <span class='ocrx_word' id='word_1_13' title='bbox 1301 1636 1443 1674; x_wconf 84' lang='lat' dir='ltr'>omnis</span> <span class='ocrx_word' id='word_1_14' title='bbox 1476 1637 1605 1675; x_wconf 84' lang='lat' dir='ltr'>huius</span> <span class='ocrx_word' id='word_1_15' title='bbox 1637 1638 1800 1686; x_wconf 87' lang='lat' dir='ltr'>prologi</span> <span class='ocrx_word' id='word_1_16' title='bbox 1832 1639 1913 1678; x_wconf 85' lang='lat' dir='ltr'>hoc</span> 
     </span>
     <span class='ocr_line' id='line_1_4' title="bbox 245 1713 1911 1762; baseline 0.001 -11"><span class='ocrx_word' id='word_1_17' title='bbox 245 1713 353 1762; x_wconf 86' lang='lat' dir='ltr'>agit,</span> <span class='ocrx_word' id='word_1_18' title='bbox 398 1715 447 1752; x_wconf 92' lang='lat' dir='ltr'>ut</span> <span class='ocrx_word' id='word_1_19' title='bbox 483 1723 596 1752; x_wconf 87' lang='lat' dir='ltr'>novo</span> <span class='ocrx_word' id='word_1_20' title='bbox 637 1715 792 1762; x_wconf 87' lang='lat' dir='ltr'>poetae</span> <span class='ocrx_word' id='word_1_21' title='bbox 829 1713 1006 1750; x_wconf 85' lang='lat' dir='ltr'>veniam</span> <span class='ocrx_word' id='word_1_22' title='bbox 1048 1713 1171 1761; x_wconf 87' lang='lat' dir='ltr'>paret</span> <span class='ocrx_word' id='word_1_23' title='bbox 1205 1714 1247 1750; x_wconf 83' lang='lat' dir='ltr'>et</span> <span class='ocrx_word' id='word_1_24' title='bbox 1280 1713 1418 1752; x_wconf 81' lang='lat' dir='ltr'>veteri</span> <span class='ocrx_word' id='word_1_25' title='bbox 1449 1713 1594 1752; x_wconf 87' lang='lat' dir='ltr'>odium</span> <span class='ocrx_word' id='word_1_26' title='bbox 1629 1716 1672 1752; x_wconf 85' lang='lat' dir='ltr'>et</span> <span class='ocrx_word' id='word_1_27' title='bbox 1703 1716 1749 1752; x_wconf 85' lang='lat' dir='ltr'>ut</span> <span class='ocrx_word' id='word_1_28' title='bbox 1782 1725 1911 1762; x_wconf 86' lang='lat' dir='ltr'>quam</span> 
     </span>
     <span class='ocr_line' id='line_1_5' title="bbox 245 1789 1912 1838; baseline 0.001 -10"><span class='ocrx_word' id='word_1_29' title='bbox 245 1789 440 1828; x_wconf 85' lang='lat' dir='ltr'>maxime</span> <span class='ocrx_word' id='word_1_30' title='bbox 467 1790 717 1829; x_wconf 83' lang='lat' dir='ltr'>modestum</span> <span class='ocrx_word' id='word_1_31' title='bbox 740 1789 1007 1836; x_wconf 81' lang='lat' dir='ltr'>minimeque</span> <span class='ocrx_word' id='word_1_32' title='bbox 1026 1789 1246 1827; x_wconf 75' lang='lat' dir='ltr'>errantem</span> <span class='ocrx_word' id='word_1_33' title='bbox 1266 1789 1517 1828; x_wconf 85' lang='lat' dir='ltr'>Terentium</span> <span class='ocrx_word' id='word_1_34' title='bbox 1535 1790 1698 1838; x_wconf 88' lang='lat' dir='ltr'>probet.</span> <span class='ocrx_word' id='word_1_35' title='bbox 1718 1791 1756 1829; x_wconf 84' lang='lat'>3.</span> <span class='ocrx_word' id='word_1_36' title='bbox 1775 1801 1912 1829; x_wconf 79' lang='lat' dir='ltr'>POETA</span> 
     </span>
     <span class='ocr_line' id='line_1_6' title="bbox 245 1864 1910 1914; baseline 0.001 -11"><span class='ocrx_word' id='word_1_37' title='bbox 245 1875 333 1904; x_wconf 86' lang='lat' dir='ltr'>CUM</span> <span class='ocrx_word' id='word_1_38' title='bbox 374 1876 412 1903; x_wconf 89' lang='lat' dir='ltr'>P.</span> <span class='ocrx_word' id='word_1_39' title='bbox 450 1876 494 1904; x_wconf 84' lang='lat' dir='ltr'>A.</span> <span class='ocrx_word' id='word_1_40' title='bbox 543 1867 751 1905; x_wconf 86' lang='lat' dir='ltr'>meritum</span> <span class='ocrx_word' id='word_1_41' title='bbox 794 1866 883 1904; x_wconf 87' lang='lat' dir='ltr'>iam</span> <span class='ocrx_word' id='word_1_42' title='bbox 926 1866 1080 1914; x_wconf 86' lang='lat' dir='ltr'>poetae</span> <span class='ocrx_word' id='word_1_43' title='bbox 1112 1865 1230 1904; x_wconf 88' lang='lat' dir='ltr'>dedit</span> <span class='ocrx_word' id='word_1_44' title='bbox 1263 1864 1465 1914; x_wconf 84' lang='lat' dir='ltr'>‘poetam&#39;</span> <span class='ocrx_word' id='word_1_45' title='bbox 1500 1866 1685 1904; x_wconf 88' lang='lat' dir='ltr'>eundem</span> <span class='ocrx_word' id='word_1_46' title='bbox 1718 1866 1910 1905; x_wconf 83' lang='lat' dir='ltr'>dicendo.</span> 
     </span>
     <span class='ocr_line' id='line_1_7' title="bbox 244 1931 1908 1989; baseline 0 -9"><span class='ocrx_word' id='word_1_47' title='bbox 244 1942 268 1979; x_wconf 85' lang='lat'>5</span> <span class='ocrx_word' id='word_1_48' title='bbox 316 1951 455 1980; x_wconf 73' lang='lat' dir='ltr'>POETA</span> <span class='ocrx_word' id='word_1_49' title='bbox 492 1951 579 1980; x_wconf 83' lang='lat' dir='ltr'>CUM</span> <span class='ocrx_word' id='word_1_50' title='bbox 611 1951 649 1979; x_wconf 88' lang='lat' dir='ltr'>P.</span> <span class='ocrx_word' id='word_1_51' title='bbox 683 1931 726 1979; x_wconf 56' lang='lat' dir='ltr'>A}</span> <span class='ocrx_word' id='word_1_52' title='bbox 760 1951 803 1979; x_wconf 83' lang='lat' dir='ltr'>A.</span> <span class='ocrx_word' id='word_1_53' title='bbox 839 1951 873 1979; x_wconf 84' lang='lat' dir='ltr'>s.</span> <span class='ocrx_word' id='word_1_54' title='bbox 906 1951 965 1979; x_wconf 85' lang='lat' dir='ltr'>A..</span> <span class='ocrx_word' id='word_1_55' title='bbox 1001 1950 1159 1979; x_wconf 83' lang='lat' dir='ltr'>sensus</span> <span class='ocrx_word' id='word_1_56' title='bbox 1191 1940 1260 1979; x_wconf 85' lang='lat' dir='ltr'>hic</span> <span class='ocrx_word' id='word_1_57' title='bbox 1294 1942 1384 1979; x_wconf 82' lang='lat' dir='ltr'>est:</span> <span class='ocrx_word' id='word_1_58' title='bbox 1420 1943 1704 1989; x_wconf 83' lang='lat' dir='ltr'>proposuerat</span> <span class='ocrx_word' id='word_1_59' title='bbox 1736 1942 1908 1989; x_wconf 88' lang='lat' dir='ltr'>quidem</span> 
     </span>
     <span class='ocr_line' id='line_1_8' title="bbox 243 2017 1912 2066; baseline 0.001 -10"><span class='ocrx_word' id='word_1_60' title='bbox 243 2018 371 2065; x_wconf 83' lang='lat' dir='ltr'>poeta</span> <span class='ocrx_word' id='word_1_61' title='bbox 409 2019 558 2056; x_wconf 82' lang='lat' dir='ltr'>noster</span> <span class='ocrx_word' id='word_1_62' title='bbox 595 2019 643 2055; x_wconf 96' lang='lat' dir='ltr'>ut</span> <span class='ocrx_word' id='word_1_63' title='bbox 674 2017 717 2055; x_wconf 92' lang='lat' dir='ltr'>in</span> <span class='ocrx_word' id='word_1_64' title='bbox 750 2017 943 2066; x_wconf 81' lang='lat' dir='ltr'>prologis</span> <span class='ocrx_word' id='word_1_65' title='bbox 976 2018 1238 2066; x_wconf 85' lang='lat' dir='ltr'>argumenta</span> <span class='ocrx_word' id='word_1_66' title='bbox 1269 2019 1484 2065; x_wconf 78' lang='lat' dir='ltr'>narraret,</span> <span class='ocrx_word' id='word_1_67' title='bbox 1513 2018 1588 2056; x_wconf 85' lang='lat' dir='ltr'>sed</span> <span class='ocrx_word' id='word_1_68' title='bbox 1617 2018 1697 2056; x_wconf 87' lang='lat' dir='ltr'>hoc</span> <span class='ocrx_word' id='word_1_69' title='bbox 1723 2019 1912 2066; x_wconf 81' lang='lat' dir='ltr'>imputat</span> 
     </span>
     <span class='ocr_line' id='line_1_9' title="bbox 242 2093 1909 2142; baseline 0.001 -11"><span class='ocrx_word' id='word_1_70' title='bbox 242 2093 398 2131; x_wconf 85' lang='lat' dir='ltr'>Luscio</span> <span class='ocrx_word' id='word_1_71' title='bbox 438 2093 663 2131; x_wconf 86' lang='lat' dir='ltr'>Lanuvino</span> <span class='ocrx_word' id='word_1_72' title='bbox 705 2093 978 2141; x_wconf 83' lang='lat' dir='ltr'>adversario,</span> <span class='ocrx_word' id='word_1_73' title='bbox 1023 2094 1095 2140; x_wconf 91' lang='lat' dir='ltr'>qui</span> <span class='ocrx_word' id='word_1_74' title='bbox 1128 2103 1228 2132; x_wconf 88' lang='lat' dir='ltr'>eurn</span> <span class='ocrx_word' id='word_1_75' title='bbox 1261 2103 1347 2132; x_wconf 91' lang='lat' dir='ltr'>non</span> <span class='ocrx_word' id='word_1_76' title='bbox 1380 2093 1596 2141; x_wconf 85' lang='lat' dir='ltr'>permittit</span> <span class='ocrx_word' id='word_1_77' title='bbox 1627 2093 1767 2132; x_wconf 82' lang='lat' dir='ltr'>facere</span> <span class='ocrx_word' id='word_1_78' title='bbox 1798 2095 1909 2142; x_wconf 86' lang='lat' dir='ltr'>quod</span> 
     </span>
     <span class='ocr_line' id='line_1_10' title="bbox 242 2169 1910 2219; baseline -0.001 -11"><span class='ocrx_word' id='word_1_79' title='bbox 242 2172 545 2219; x_wconf 81' lang='lat' dir='ltr'>proposuerat,</span> <span class='ocrx_word' id='word_1_80' title='bbox 580 2169 825 2208; x_wconf 81' lang='lat' dir='ltr'>maledictis</span> <span class='ocrx_word' id='word_1_81' title='bbox 857 2170 950 2208; x_wconf 82' lang='lat' dir='ltr'>suis</span> <span class='ocrx_word' id='word_1_82' title='bbox 983 2170 1035 2208; x_wconf 83' lang='lat' dir='ltr'>ad</span> <span class='ocrx_word' id='word_1_83' title='bbox 1068 2169 1415 2218; x_wconf 83' lang='lat' dir='ltr'>respondendum</span> <span class='ocrx_word' id='word_1_84' title='bbox 1443 2169 1629 2207; x_wconf 87' lang='lat' dir='ltr'>eundem</span> <span class='ocrx_word' id='word_1_85' title='bbox 1657 2179 1910 2217; x_wconf 83' lang='lat' dir='ltr'>provocans.</span> 
     </span>
     <span class='ocr_line' id='line_1_11' title="bbox 245 2245 1909 2293; baseline 0.001 -10"><span class='ocrx_word' id='word_1_86' title='bbox 245 2245 270 2283; x_wconf 88' lang='lat'>6</span> <span class='ocrx_word' id='word_1_87' title='bbox 310 2255 498 2283; x_wconf 75' lang='lat' dir='ltr'><strong>APPULIT</strong></span> <span class='ocrx_word' id='word_1_88' title='bbox 541 2245 832 2293; x_wconf 87' lang='lat' dir='ltr'>appellere</span> <span class='ocrx_word' id='word_1_89' title='bbox 874 2245 1045 2293; x_wconf 87' lang='lat' dir='ltr'>proprie</span> <span class='ocrx_word' id='word_1_90' title='bbox 1087 2245 1247 2283; x_wconf 85' lang='lat' dir='ltr'>dicitur</span> <span class='ocrx_word' id='word_1_91' title='bbox 1284 2255 1383 2283; x_wconf 84' lang='lat' dir='ltr'>cum</span> <span class='ocrx_word' id='word_1_92' title='bbox 1417 2254 1471 2283; x_wconf 87' lang='lat' dir='ltr'>ex</span> <span class='ocrx_word' id='word_1_93' title='bbox 1508 2245 1659 2293; x_wconf 80' lang='lat' dir='ltr'>pelago</span> <span class='ocrx_word' id='word_1_94' title='bbox 1691 2247 1767 2283; x_wconf 89' lang='lat' dir='ltr'>aut</span> <span class='ocrx_word' id='word_1_95' title='bbox 1800 2245 1909 2284; x_wconf 85' lang='lat' dir='ltr'>freto</span> 
     </span>
     <span class='ocr_line' id='line_1_12' title="bbox 243 2307 1908 2369; baseline 0.001 -11"><span class='ocrx_word' id='word_1_96' title='bbox 243 2307 341 2367; x_wconf 74' lang='lat' dir='ltr'>quis</span> <span class='ocrx_word' id='word_1_97' title='bbox 376 2321 429 2359; x_wconf 88' lang='lat' dir='ltr'>ad</span> <span class='ocrx_word' id='word_1_98' title='bbox 460 2320 566 2359; x_wconf 82' lang='lat' dir='ltr'>litus</span> <span class='ocrx_word' id='word_1_99' title='bbox 598 2321 854 2359; x_wconf 81' lang='lat' dir='ltr'>accesserit:</span> <span class='ocrx_word' id='word_1_100' title='bbox 884 2320 1105 2369; x_wconf 86' lang='lat' dir='ltr'>Vergilius</span> <span class='ocrx_word' id='word_1_101' title='bbox 1134 2320 1249 2359; x_wconf 82' lang='lat' dir='ltr'>‘hino</span> <span class='ocrx_word' id='word_1_102' title='bbox 1275 2331 1348 2359; x_wconf 87' lang='lat' dir='ltr'>me</span> <span class='ocrx_word' id='word_1_103' title='bbox 1374 2321 1621 2368; x_wconf 83' lang='lat' dir='ltr'>digressum</span> <span class='ocrx_word' id='word_1_104' title='bbox 1654 2332 1693 2359; x_wconf 93' lang='lat' dir='ltr'>v.</span> <span class='ocrx_word' id='word_1_105' title='bbox 1722 2322 1761 2360; x_wconf 91' lang='lat' dir='ltr'>d.</span> <span class='ocrx_word' id='word_1_106' title='bbox 1789 2332 1826 2360; x_wconf 84' lang='lat' dir='ltr'>a.</span> <span class='ocrx_word' id='word_1_107' title='bbox 1855 2324 1908 2361; x_wconf 84' lang='lat' dir='ltr'>o.’</span> 
     </span>
     <span class='ocr_line' id='line_1_13' title="bbox 245 2392 1907 2445; baseline 0.001 -11"><span class='ocrx_word' id='word_1_108' title='bbox 245 2394 368 2442; x_wconf 92' lang='lat' dir='ltr'>(Aen.</span> <span class='ocrx_word' id='word_1_109' title='bbox 410 2396 473 2435; x_wconf 88' lang='lat' dir='ltr'>III</span> <span class='ocrx_word' id='word_1_110' title='bbox 511 2397 624 2438; x_wconf 75' lang='lat'><strong>715).</strong></span> <span class='ocrx_word' id='word_1_111' title='bbox 659 2397 681 2435; x_wconf 85' lang='lat'><strong>7</strong></span> <span class='ocrx_word' id='word_1_112' title='bbox 715 2407 903 2435; x_wconf 79' lang='lat' dir='ltr'>APPULIT</span> <span class='ocrx_word' id='word_1_113' title='bbox 934 2397 979 2434; x_wconf 94' lang='lat' dir='ltr'>in</span> <span class='ocrx_word' id='word_1_114' title='bbox 1012 2397 1202 2435; x_wconf 82' lang='lat' dir='ltr'>secunda</span> <span class='ocrx_word' id='word_1_115' title='bbox 1233 2397 1419 2435; x_wconf 86' lang='lat' dir='ltr'>lectione</span> <span class='ocrx_word' id='word_1_116' title='bbox 1453 2395 1618 2445; x_wconf 80' lang='lat' dir='ltr'>‘apulit&#39;</span> <span class='ocrx_word' id='word_1_117' title='bbox 1644 2392 1675 2444; x_wconf 88' lang='lat'>¹)</span> <span class='ocrx_word' id='word_1_118' title='bbox 1706 2397 1799 2445; x_wconf 84' lang='lat' dir='ltr'>fuit,</span> <span class='ocrx_word' id='word_1_119' title='bbox 1834 2398 1907 2435; x_wconf 87' lang='lat' dir='ltr'>sed</span> 
     </span>
    </p>
   </div>
   <div class='ocr_carea' id='block_1_4' title="bbox 242 2470 1905 2521">
    <p class='ocr_par' dir='ltr' id='par_1_4' title="bbox 242 2470 1905 2521">
     <span class='ocr_line' id='line_1_14' title="bbox 242 2470 1905 2521; baseline -0.001 -10"><span class='ocrx_word' id='word_1_120' title='bbox 242 2470 438 2520; x_wconf 83' lang='lat' dir='ltr'>‘appulit’</span> <span class='ocrx_word' id='word_1_121' title='bbox 470 2473 612 2520; x_wconf 82' lang='lat' dir='ltr'>magis</span> <span class='ocrx_word' id='word_1_122' title='bbox 644 2483 748 2511; x_wconf 88' lang='lat' dir='ltr'>nam</span> <span class='ocrx_word' id='word_1_123' title='bbox 776 2474 927 2521; x_wconf 84' lang='lat' dir='ltr'>postea</span> <span class='ocrx_word' id='word_1_124' title='bbox 952 2472 1015 2510; x_wconf 84' lang='lat' dir='ltr'>sic</span> <span class='ocrx_word' id='word_1_125' title='bbox 1041 2471 1254 2510; x_wconf 90' lang='lat' dir='ltr'>‘animum</span> <span class='ocrx_word' id='word_1_126' title='bbox 1283 2472 1335 2510; x_wconf 90' lang='lat' dir='ltr'>ad</span> <span class='ocrx_word' id='word_1_127' title='bbox 1362 2481 1544 2510; x_wconf 83' lang='lat' dir='ltr'>uxorem</span> <span class='ocrx_word' id='word_1_128' title='bbox 1572 2472 1750 2520; x_wconf 87' lang='lat' dir='ltr'>appulit’</span> <span class='ocrx_word' id='word_1_129' title='bbox 1780 2473 1905 2515; x_wconf 61' lang='lat'><strong>(446).</strong></span> 
     </span>
    </p>
   </div>
   <div class='ocr_carea' id='block_1_5' title="bbox 363 2545 1906 2805">
    <p class='ocr_par' dir='ltr' id='par_1_5' title="bbox 363 2545 1906 2805">
     <span class='ocr_line' id='line_1_15' title="bbox 424 2545 1906 2590; baseline -0.001 -9"><span class='ocrx_word' id='word_1_130' title='bbox 424 2546 442 2581; x_wconf 93' lang='grc'>1</span> <span class='ocrx_word' id='word_1_131' title='bbox 480 2555 608 2581; x_wconf 72' lang='lat' dir='ltr'>POETA</span> <span class='ocrx_word' id='word_1_132' title='bbox 639 2556 720 2582; x_wconf 80' lang='lat' dir='ltr'>CUM</span> <span class='ocrx_word' id='word_1_133' title='bbox 748 2556 906 2583; x_wconf 78' lang='lat' dir='ltr'>PRIMUM</span> <span class='ocrx_word' id='word_1_134' title='bbox 934 2555 1098 2582; x_wconf 84' lang='lat' dir='ltr'><strong>ANIMUM</strong></span> <span class='ocrx_word' id='word_1_135' title='bbox 1121 2555 1160 2582; x_wconf 82' lang='lat' dir='ltr'>A.</span> <span class='ocrx_word' id='word_1_136' title='bbox 1190 2556 1221 2582; x_wconf 83' lang='lat' dir='ltr'>s.</span> <span class='ocrx_word' id='word_1_137' title='bbox 1251 2555 1290 2581; x_wconf 88' lang='lat' dir='ltr'>A.</span> <span class='ocrx_word' id='word_1_138' title='bbox 1320 2545 1556 2590; x_wconf 78' lang='lat' dir='ltr'>principium</span> <span class='ocrx_word' id='word_1_139' title='bbox 1585 2546 1732 2581; x_wconf 85' lang='lat' dir='ltr'>factum</span> <span class='ocrx_word' id='word_1_140' title='bbox 1762 2555 1784 2580; x_wconf 94' lang='lat' dir='ltr'>a</span> <span class='ocrx_word' id='word_1_141' title='bbox 1807 2555 1906 2580; x_wconf 85' lang='lat' dir='ltr'>com-</span> 
     </span>
     <span class='ocr_line' id='line_1_16' title="bbox 368 2600 1906 2645; baseline -0.001 -11"><span class='ocrx_word' id='word_1_142' title='bbox 368 2600 623 2636; x_wconf 84' lang='lat' dir='ltr'>mendatione</span> <span class='ocrx_word' id='word_1_143' title='bbox 647 2610 862 2645; x_wconf 82' lang='lat' dir='ltr'>personae,</span> <span class='ocrx_word' id='word_1_144' title='bbox 889 2601 991 2645; x_wconf 88' lang='lat' dir='ltr'>quod</span> <span class='ocrx_word' id='word_1_145' title='bbox 1020 2603 1192 2644; x_wconf 81' lang='lat' dir='ltr'>pudens,</span> <span class='ocrx_word' id='word_1_146' title='bbox 1217 2601 1322 2644; x_wconf 88' lang='lat' dir='ltr'>quod</span> <span class='ocrx_word' id='word_1_147' title='bbox 1345 2601 1582 2644; x_wconf 82' lang='lat' dir='ltr'>honestum,</span> <span class='ocrx_word' id='word_1_148' title='bbox 1606 2601 1709 2644; x_wconf 85' lang='lat' dir='ltr'>quod</span> <span class='ocrx_word' id='word_1_149' title='bbox 1734 2600 1906 2642; x_wconf 78' lang='lat' dir='ltr'>prudeus</span> 
     </span>
     <span class='ocr_line' id='line_1_17' title="bbox 370 2652 1906 2698; baseline -0.001 -10"><span class='ocrx_word' id='word_1_150' title='bbox 370 2652 603 2696; x_wconf 83' lang='lat' dir='ltr'>Terentius;</span> <span class='ocrx_word' id='word_1_151' title='bbox 644 2655 686 2689; x_wconf 88' lang='lat' dir='ltr'>et</span> <span class='ocrx_word' id='word_1_152' title='bbox 722 2655 875 2690; x_wconf 89' lang='lat' dir='ltr'>honore</span> <span class='ocrx_word' id='word_1_153' title='bbox 917 2654 1066 2690; x_wconf 89' lang='lat' dir='ltr'>maiore</span> <span class='ocrx_word' id='word_1_154' title='bbox 1103 2655 1279 2698; x_wconf 85' lang='lat' dir='ltr'>‘poetam</span> <span class='ocrx_word' id='word_1_155' title='bbox 1308 2654 1455 2698; x_wconf 79' lang='lat' dir='ltr'>potius·</span> <span class='ocrx_word' id='word_1_156' title='bbox 1495 2663 1614 2696; x_wconf 85' lang='lat' dir='ltr'>quam</span> <span class='ocrx_word' id='word_1_157' title='bbox 1650 2652 1906 2688; x_wconf 86' lang='lat' dir='ltr'>‘Terentium’</span> 
     </span>
     <span class='ocr_line' id='line_1_18' title="bbox 367 2704 1906 2753; baseline -0.001 -12"><span class='ocrx_word' id='word_1_158' title='bbox 367 2706 484 2749; x_wconf 79' lang='lat' dir='ltr'>dixit,</span> <span class='ocrx_word' id='word_1_159' title='bbox 521 2710 566 2744; x_wconf 86' lang='lat' dir='ltr'>ut</span> <span class='ocrx_word' id='word_1_160' title='bbox 598 2707 709 2743; x_wconf 88' lang='lat' dir='ltr'>illum</span> <span class='ocrx_word' id='word_1_161' title='bbox 738 2709 812 2744; x_wconf 84' lang='lat' dir='ltr'>hoo</span> <span class='ocrx_word' id='word_1_162' title='bbox 839 2710 926 2753; x_wconf 79' lang='lat' dir='ltr'>ipso</span> <span class='ocrx_word' id='word_1_163' title='bbox 956 2708 1136 2753; x_wconf 89' lang='lat' dir='ltr'>nomine,</span> <span class='ocrx_word' id='word_1_164' title='bbox 1175 2709 1221 2743; x_wconf 89' lang='lat' dir='ltr'>de</span> <span class='ocrx_word' id='word_1_165' title='bbox 1249 2717 1328 2751; x_wconf 90' lang='lat' dir='ltr'>quo</span> <span class='ocrx_word' id='word_1_166' title='bbox 1356 2709 1528 2751; x_wconf 85' lang='lat' dir='ltr'>laborat,</span> <span class='ocrx_word' id='word_1_167' title='bbox 1558 2709 1729 2742; x_wconf 82' lang='lat' dir='ltr'>ornaret.</span> <span class='ocrx_word' id='word_1_168' title='bbox 1760 2707 1783 2740; x_wconf 87' lang='lat'>4</span> <span class='ocrx_word' id='word_1_169' title='bbox 1816 2708 1861 2741; x_wconf 64' lang='grc' dir='ltr'>[εί</span> <span class='ocrx_word' id='word_1_170' title='bbox 1879 2704 1906 2745; x_wconf 76' lang='lat'>²)</span> 
     </span>
     <span class='ocr_line' id='line_1_19' title="bbox 363 2760 1059 2805; baseline 0.004 -10"><span class='ocrx_word' id='word_1_171' title='bbox 363 2760 411 2795; x_wconf 92' lang='lat' dir='ltr'>ab</span> <span class='ocrx_word' id='word_1_172' title='bbox 439 2760 573 2798; x_wconf 88' lang='lat' dir='ltr'>animo</span> <span class='ocrx_word' id='word_1_173' title='bbox 601 2761 687 2797; x_wconf 82' lang='lat' dir='ltr'>eius</span> <span class='ocrx_word' id='word_1_174' title='bbox 718 2772 836 2805; x_wconf 87' lang='lat' dir='ltr'>quem</span> <span class='ocrx_word' id='word_1_175' title='bbox 873 2762 1059 2798; x_wconf 86' lang='lat' dir='ltr'>defendit.</span> 
     </span>
    </p>
   </div>
   <div class='ocr_carea' id='block_1_6' title="bbox 158 2848 1781 2960">
    <p class='ocr_par' dir='ltr' id='par_1_6' title="bbox 158 2848 1781 2960">
     <span class='ocr_line' id='line_1_20' title="bbox 158 2848 1781 2897; baseline 0.001 -12"><span class='ocrx_word' id='word_1_176' title='bbox 158 2850 182 2885; x_wconf 80' lang='lat'>2</span> <span class='ocrx_word' id='word_1_177' title='bbox 304 2857 348 2884; x_wconf 92' lang='lat' dir='ltr'>ID</span> <span class='ocrx_word' id='word_1_178' title='bbox 379 2857 466 2887; x_wconf 86' lang='lat' dir='ltr'>SIBI</span> <span class='ocrx_word' id='word_1_179' title='bbox 495 2858 653 2887; x_wconf 74' lang='lat' dir='ltr'>NEeo&#39;rr</span> <span class='ocrx_word' id='word_1_180' title='bbox 684 2849 972 2897; x_wconf 84' lang='lat' dir='ltr'>negotium</span> <span class='ocrx_word' id='word_1_181' title='bbox 1008 2849 1135 2887; x_wconf 90' lang='lat' dir='ltr'>modo</span> <span class='ocrx_word' id='word_1_182' title='bbox 1167 2858 1242 2896; x_wconf 90' lang='lat' dir='ltr'>pro</span> <span class='ocrx_word' id='word_1_183' title='bbox 1275 2848 1476 2886; x_wconf 79' lang='lat' dir='ltr'>molestia</span> <span class='ocrx_word' id='word_1_184' title='bbox 1507 2849 1551 2885; x_wconf 90' lang='lat' dir='ltr'>et</span> <span class='ocrx_word' id='word_1_185' title='bbox 1581 2857 1695 2885; x_wconf 82' lang='lat' dir='ltr'>cura.</span> <span class='ocrx_word' id='word_1_186' title='bbox 1729 2850 1781 2888; x_wconf 86' lang='grc' dir='ltr'>(α)</span> 
     </span>
     <span class='ocr_line' id='line_1_21' title="bbox 421 2923 730 2960; baseline 0.006 -3"><span class='ocrx_word' id='word_1_187' title='bbox 421 2932 446 2957; x_wconf 85' lang='grc' dir='ltr'>α</span> <span class='ocrx_word' id='word_1_188' title='bbox 473 2932 553 2958; x_wconf 91' lang='lat' dir='ltr'>non</span> <span class='ocrx_word' id='word_1_189' title='bbox 582 2923 730 2960; x_wconf 85' lang='lat' dir='ltr'>labore.</span> 
     </span>
    </p>
   </div>
   <div class='ocr_carea' id='block_1_7' title="bbox 202 3067 1797 3216">
    <p class='ocr_par' dir='ltr' id='par_1_7' title="bbox 202 3067 1797 3216">
     <span class='ocr_line' id='line_1_22' title="bbox 206 3067 1317 3114; baseline 0 -11"><span class='ocrx_word' id='word_1_190' title='bbox 206 3068 226 3110; x_wconf 88' lang='lat'>¹)</span> <span class='ocrx_word' id='word_1_191' title='bbox 251 3067 403 3103; x_wconf 87' lang='lat' dir='ltr'>Wessn.</span> <span class='ocrx_word' id='word_1_192' title='bbox 427 3082 509 3104; x_wconf 90' lang='lat' dir='ltr'>cum</span> <span class='ocrx_word' id='word_1_193' title='bbox 534 3070 729 3114; x_wconf 79' lang='lat' dir='ltr'>Stephano</span> <span class='ocrx_word' id='word_1_194' title='bbox 754 3070 913 3104; x_wconf 77' lang='lat' dir='ltr'>correxit</span> <span class='ocrx_word' id='word_1_195' title='bbox 936 3069 1100 3109; x_wconf 48' lang='lat' dir='ltr'>‘astulia</span> <span class='ocrx_word' id='word_1_196' title='bbox 1125 3069 1187 3104; x_wconf 83' lang='lat' dir='ltr'>vix</span> <span class='ocrx_word' id='word_1_197' title='bbox 1207 3070 1317 3103; x_wconf 74' lang='lat' dir='ltr'>recte.</span> 
     </span>
     <span class='ocr_line' id='line_1_23' title="bbox 202 3120 1391 3165; baseline -0.002 -10"><span class='ocrx_word' id='word_1_198' title='bbox 202 3120 228 3163; x_wconf 86' lang='lat'>²)</span> <span class='ocrx_word' id='word_1_199' title='bbox 251 3121 303 3155; x_wconf 80' lang='lat' dir='ltr'>Et</span> <span class='ocrx_word' id='word_1_200' title='bbox 327 3120 463 3156; x_wconf 79' lang='lat' dir='ltr'>litteris</span> <span class='ocrx_word' id='word_1_201' title='bbox 485 3121 688 3161; x_wconf 80' lang='lat' dir='ltr'>inclinatis,</span> <span class='ocrx_word' id='word_1_202' title='bbox 714 3121 777 3157; x_wconf 89' lang='lat' dir='ltr'>ubi</span> <span class='ocrx_word' id='word_1_203' title='bbox 804 3124 862 3156; x_wconf 77' lang='lat' dir='ltr'>est</span> <span class='ocrx_word' id='word_1_204' title='bbox 886 3121 1067 3156; x_wconf 80' lang='lat' dir='ltr'>insertum</span> <span class='ocrx_word' id='word_1_205' title='bbox 1091 3133 1113 3155; x_wconf 85' lang='lat' dir='ltr'>a</span> <span class='ocrx_word' id='word_1_206' title='bbox 1138 3121 1391 3165; x_wconf 81' lang='lat' dir='ltr'>compilatore.</span> 
     </span>
     <span class='ocr_line' id='line_1_24' title="bbox 263 3179 1797 3216; baseline -0.003 -7"><span class='ocrx_word' id='word_1_207' title='bbox 263 3181 421 3216; x_wconf 82' lang='lat' dir='ltr'>Karsten,</span> <span class='ocrx_word' id='word_1_208' title='bbox 439 3181 529 3210; x_wconf 88' lang='lat' dir='ltr'>Com.</span> <span class='ocrx_word' id='word_1_209' title='bbox 550 3182 637 3210; x_wconf 90' lang='lat' dir='ltr'>Don.</span> <span class='ocrx_word' id='word_1_210' title='bbox 1784 3179 1797 3205; x_wconf 87' lang='lat'>1</span> 
     </span>
    </p>
   </div>
   <div class='ocr_carea' id='block_1_8' title="bbox 3 0 46 3443">
    <p class='ocr_par' dir='ltr' id='par_1_8' title="bbox 3 0 46 3443">
     <span class='ocr_line' id='line_1_25' title="bbox 3 0 46 3443; baseline 0 0"><span class='ocrx_word' id='word_1_211' title='bbox 3 0 46 3443; x_wconf 95' lang='lat' dir='ltr'> </span> 
     </span>
    </p>
   </div>
  </div>
 </body>
</html>
