<?xml version="1.0" encoding="UTF-8"?>
<!DOCTYPE html PUBLIC "-//W3C//DTD XHTML 1.0 Transitional//EN"
    "http://www.w3.org/TR/xhtml1/DTD/xhtml1-transitional.dtd">
<html xmlns="http://www.w3.org/1999/xhtml" xml:lang="en" lang="en">
 <head>
  <title>
</title>
<meta http-equiv="Content-Type" content="text/html;charset=utf-8" />
  <meta name='ocr-system' content='tesseract 3.04.00' />
  <meta name='ocr-capabilities' content='ocr_page ocr_carea ocr_par ocr_line ocrx_word'/>
</head>
<body>
  <div class='ocr_page' id='page_1' title='image "./commentidonatian00donauoft_0175.png"; bbox 0 0 2242 3443; ppageno 0'>
   <div class='ocr_carea' id='block_1_1' title="bbox 0 0 29 2324">
    <p class='ocr_par' dir='ltr' id='par_1_1' title="bbox 0 0 29 2324">
     <span class='ocr_line' id='line_1_1' title="bbox 0 0 29 2324; baseline 0 0"><span class='ocrx_word' id='word_1_1' title='bbox 0 0 29 2324; x_wconf 95' lang='lat' dir='ltr'> </span> 
     </span>
    </p>
   </div>
   <div class='ocr_carea' id='block_1_2' title="bbox 0 2788 38 3443">
    <p class='ocr_par' dir='ltr' id='par_1_2' title="bbox 0 2788 38 3443">
     <span class='ocr_line' id='line_1_2' title="bbox 0 2788 38 3443; baseline 0 0"><span class='ocrx_word' id='word_1_2' title='bbox 0 2788 38 3443; x_wconf 95' lang='lat' dir='ltr'> </span> 
     </span>
    </p>
   </div>
   <div class='ocr_carea' id='block_1_3' title="bbox 84 751 160 787">
    <p class='ocr_par' dir='ltr' id='par_1_3' title="bbox 84 751 160 787">
     <span class='ocr_line' id='line_1_3' title="bbox 84 751 160 787; baseline 0.013 -1"><span class='ocrx_word' id='word_1_3' title='bbox 84 751 160 787; x_wconf 79' lang='lat'>244</span> 
     </span>
    </p>
   </div>
   <div class='ocr_carea' id='block_1_4' title="bbox 85 1132 159 1168">
    <p class='ocr_par' dir='ltr' id='par_1_4' title="bbox 85 1132 159 1168">
     <span class='ocr_line' id='line_1_4' title="bbox 85 1132 159 1168; baseline 0 -1"><span class='ocrx_word' id='word_1_4' title='bbox 85 1132 159 1168; x_wconf 81' lang='lat'>245</span> 
     </span>
    </p>
   </div>
   <div class='ocr_carea' id='block_1_5' title="bbox 84 1282 159 1394">
    <p class='ocr_par' dir='ltr' id='par_1_5' title="bbox 84 1282 159 1394">
     <span class='ocr_line' id='line_1_5' title="bbox 85 1282 159 1319; baseline 0 -1"><span class='ocrx_word' id='word_1_5' title='bbox 85 1282 159 1319; x_wconf 77' lang='lat'>246</span> 
     </span>
     <span class='ocr_line' id='line_1_6' title="bbox 84 1358 156 1394; baseline 0.014 -1"><span class='ocrx_word' id='word_1_6' title='bbox 84 1358 156 1394; x_wconf 76' lang='lat'>247</span> 
     </span>
    </p>
   </div>
   <div class='ocr_carea' id='block_1_6' title="bbox 84 1584 159 1773">
    <p class='ocr_par' dir='ltr' id='par_1_6' title="bbox 0 1558 159 1798">
     <span class='ocr_line' id='line_1_7' title="bbox 84 1584 158 1620; baseline 0 0"><span class='ocrx_word' id='word_1_7' title='bbox 84 1584 158 1620; x_wconf 81' lang='lat'>248</span> 
     </span>
     <span class='ocr_line' id='line_1_8' title="bbox 84 1735 159 1773; baseline 0.031 -2.358"><span class='ocrx_word' id='word_1_8' title='bbox 84 1735 159 1773; x_wconf 78' lang='lat'>249</span> 
     </span>
    </p>
   </div>
   <div class='ocr_carea' id='block_1_7' title="bbox 86 1888 162 1924">
    <p class='ocr_par' dir='ltr' id='par_1_7' title="bbox 86 1888 162 1924">
     <span class='ocr_line' id='line_1_9' title="bbox 86 1888 162 1924; baseline 0.026 -2"><span class='ocrx_word' id='word_1_9' title='bbox 86 1888 162 1924; x_wconf 71' lang='lat'>250</span> 
     </span>
    </p>
   </div>
   <div class='ocr_carea' id='block_1_8' title="bbox 917 204 998 242">
    <p class='ocr_par' dir='ltr' id='par_1_8' title="bbox 917 204 998 242">
     <span class='ocr_line' id='line_1_10' title="bbox 917 204 998 242; baseline -0.012 0"><span class='ocrx_word' id='word_1_10' title='bbox 917 204 998 242; x_wconf 85' lang='lat'>139</span> 
     </span>
    </p>
   </div>
   <div class='ocr_carea' id='block_1_9' title="bbox 230 342 1835 468">
    <p class='ocr_par' dir='ltr' id='par_1_9' title="bbox 230 342 1835 468">
     <span class='ocr_line' id='line_1_11' title="bbox 232 342 1835 393; baseline 0.002 -12"><span class='ocrx_word' id='word_1_11' title='bbox 232 342 408 391; x_wconf 86' lang='lat' dir='ltr'>&lt;ad&gt;</span> <span class='ocrx_word' id='word_1_12' title='bbox 446 343 646 382; x_wconf 79' lang='lat' dir='ltr'><strong>fortunae</strong></span> <span class='ocrx_word' id='word_1_13' title='bbox 689 344 875 392; x_wconf 88' lang='lat' dir='ltr'>culpam.</span> <span class='ocrx_word' id='word_1_14' title='bbox 921 346 945 383; x_wconf 83' lang='lat'>5</span> <span class='ocrx_word' id='word_1_15' title='bbox 990 355 1115 383; x_wconf 79' lang='lat' dir='ltr'>NIHIL</span> <span class='ocrx_word' id='word_1_16' title='bbox 1159 356 1246 384; x_wconf 75' lang='lat' dir='ltr'>CUM</span> <span class='ocrx_word' id='word_1_17' title='bbox 1278 354 1352 383; x_wconf 79' lang='lat' dir='ltr'>EST</span> <span class='ocrx_word' id='word_1_18' title='bbox 1385 355 1509 383; x_wconf 71' lang='lat' dir='ltr'>mnu.</span> <span class='ocrx_word' id='word_1_19' title='bbox 1543 356 1665 383; x_wconf 77' lang='lat' dir='ltr'>DEEm·</span> <span class='ocrx_word' id='word_1_20' title='bbox 1697 345 1835 393; x_wconf 87' lang='lat' dir='ltr'>figura</span> 
     </span>
     <span class='ocr_line' id='line_1_12' title="bbox 230 418 1835 468; baseline 0.002 -13"><span class='ocrx_word' id='word_1_21' title='bbox 230 418 463 468; x_wconf 78' lang='grc' dir='ltr'><strong><em>κακόζηλον,</em></strong></span> <span class='ocrx_word' id='word_1_22' title='bbox 496 422 543 457; x_wconf 92' lang='lat' dir='ltr'>ut</span> <span class='ocrx_word' id='word_1_23' title='bbox 572 420 684 468; x_wconf 89' lang='lat' dir='ltr'>apud</span> <span class='ocrx_word' id='word_1_24' title='bbox 718 419 958 467; x_wconf 84' lang='lat' dir='ltr'>Vergilium</span> <span class='ocrx_word' id='word_1_25' title='bbox 993 420 1287 468; x_wconf 88' lang='lat' dir='ltr'>‘sequiturque</span> <span class='ocrx_word' id='word_1_26' title='bbox 1319 422 1589 468; x_wconf 87' lang='lat' dir='ltr'>sequentem’</span> <span class='ocrx_word' id='word_1_27' title='bbox 1618 421 1737 460; x_wconf 87' lang='lat' dir='ltr'>(Aen.</span> <span class='ocrx_word' id='word_1_28' title='bbox 1770 422 1835 459; x_wconf 87' lang='grc'>11.</span> 
     </span>
    </p>
   </div>
   <div class='ocr_carea' id='block_1_10' title="bbox 230 493 1509 544">
    <p class='ocr_par' dir='ltr' id='par_1_10' title="bbox 230 493 1509 544">
     <span class='ocr_line' id='line_1_13' title="bbox 230 493 1509 544; baseline 0 -12"><span class='ocrx_word' id='word_1_29' title='bbox 230 495 344 540; x_wconf 81' lang='lat'>695),</span> <span class='ocrx_word' id='word_1_30' title='bbox 382 496 425 532; x_wconf 93' lang='lat' dir='ltr'>et</span> <span class='ocrx_word' id='word_1_31' title='bbox 456 493 604 533; x_wconf 89' lang='lat' dir='ltr'>Cicero</span> <span class='ocrx_word' id='word_1_32' title='bbox 638 493 753 533; x_wconf 87' lang='lat' dir='ltr'>‘cum</span> <span class='ocrx_word' id='word_1_33' title='bbox 786 497 954 544; x_wconf 89' lang='lat' dir='ltr'>tacent,</span> <span class='ocrx_word' id='word_1_34' title='bbox 990 495 1199 535; x_wconf 88' lang='lat' dir='ltr'>clamant’</span> <span class='ocrx_word' id='word_1_35' title='bbox 1232 495 1338 536; x_wconf 86' lang='lat' dir='ltr'>(Cat.</span> <span class='ocrx_word' id='word_1_36' title='bbox 1373 497 1391 534; x_wconf 90' lang='lat' dir='ltr'>I</span> <span class='ocrx_word' id='word_1_37' title='bbox 1426 497 1509 536; x_wconf 81' lang='lat'>21).</span> 
     </span>
    </p>
   </div>
   <div class='ocr_carea' id='block_1_11' title="bbox 347 566 1837 721">
    <p class='ocr_par' dir='ltr' id='par_1_11' title="bbox 347 566 1837 721">
     <span class='ocr_line' id='line_1_14' title="bbox 402 566 1837 614; baseline 0.001 -11"><span class='ocrx_word' id='word_1_38' title='bbox 402 568 425 603; x_wconf 87' lang='grc'><strong><em>3</em></strong></span> <span class='ocrx_word' id='word_1_39' title='bbox 450 566 472 588; x_wconf 83' lang='lat'><em>*</em></span> <span class='ocrx_word' id='word_1_40' title='bbox 495 569 545 603; x_wconf 88' lang='lat' dir='ltr'>Et</span> <span class='ocrx_word' id='word_1_41' title='bbox 567 568 664 604; x_wconf 85' lang='lat' dir='ltr'>item</span> <span class='ocrx_word' id='word_1_42' title='bbox 689 570 819 604; x_wconf 89' lang='lat' dir='ltr'>denuo</span> <span class='ocrx_word' id='word_1_43' title='bbox 843 570 890 605; x_wconf 90' lang='lat' dir='ltr'>ad</span> <span class='ocrx_word' id='word_1_44' title='bbox 915 568 1101 605; x_wconf 79' lang='lat' dir='ltr'><strong>fortunae</strong></span> <span class='ocrx_word' id='word_1_45' title='bbox 1126 570 1273 606; x_wconf 81' lang='lat' dir='ltr'>crimen</span> <span class='ocrx_word' id='word_1_46' title='bbox 1300 570 1411 604; x_wconf 85' lang='lat' dir='ltr'>‘nihil</span> <span class='ocrx_word' id='word_1_47' title='bbox 1434 579 1524 604; x_wconf 89' lang='lat' dir='ltr'>cum</span> <span class='ocrx_word' id='word_1_48' title='bbox 1545 570 1635 614; x_wconf 88' lang='lat' dir='ltr'>est’,</span> <span class='ocrx_word' id='word_1_49' title='bbox 1657 571 1704 605; x_wconf 84' lang='lat' dir='ltr'>ad</span> <span class='ocrx_word' id='word_1_50' title='bbox 1721 579 1837 605; x_wconf 86' lang='lat' dir='ltr'>suam</span> 
     </span>
     <span class='ocr_line' id='line_1_15' title="bbox 348 621 1836 665; baseline 0.001 -9"><span class='ocrx_word' id='word_1_51' title='bbox 348 621 505 657; x_wconf 87' lang='lat' dir='ltr'>laudem</span> <span class='ocrx_word' id='word_1_52' title='bbox 537 622 645 657; x_wconf 62' lang='lat' dir='ltr'>mihil</span> <span class='ocrx_word' id='word_1_53' title='bbox 670 622 764 658; x_wconf 86' lang='lat' dir='ltr'>defit</span> <span class='ocrx_word' id='word_1_54' title='bbox 786 623 950 658; x_wconf 83' lang='lat' dir='ltr'>tamen’.</span> <span class='ocrx_word' id='word_1_55' title='bbox 981 624 1003 657; x_wconf 84' lang='lat'>4</span> <span class='ocrx_word' id='word_1_56' title='bbox 1021 633 1147 659; x_wconf 81' lang='lat' dir='ltr'>oMN1A</span> <span class='ocrx_word' id='word_1_57' title='bbox 1171 633 1212 659; x_wconf 82' lang='lat' dir='ltr'>H.</span> <span class='ocrx_word' id='word_1_58' title='bbox 1242 633 1280 658; x_wconf 84' lang='lat' dir='ltr'>N.</span> <span class='ocrx_word' id='word_1_59' title='bbox 1303 633 1335 665; x_wconf 92' lang='lat' dir='ltr'>Q.</span> <span class='ocrx_word' id='word_1_60' title='bbox 1362 633 1403 658; x_wconf 82' lang='grc' dir='ltr'>Η.</span> <span class='ocrx_word' id='word_1_61' title='bbox 1427 622 1669 659; x_wconf 88' lang='lat' dir='ltr'>alterutrum</span> <span class='ocrx_word' id='word_1_62' title='bbox 1694 624 1836 659; x_wconf 87' lang='lat' dir='ltr'>horum</span> 
     </span>
     <span class='ocr_line' id='line_1_16' title="bbox 347 676 1502 721; baseline 0.001 -11"><span class='ocrx_word' id='word_1_63' title='bbox 347 677 589 711; x_wconf 89' lang='lat' dir='ltr'>neutrumve</span> <span class='ocrx_word' id='word_1_64' title='bbox 617 678 751 720; x_wconf 91' lang='lat' dir='ltr'>potest</span> <span class='ocrx_word' id='word_1_65' title='bbox 779 677 903 712; x_wconf 89' lang='lat' dir='ltr'>cuivis</span> <span class='ocrx_word' id='word_1_66' title='bbox 932 676 1119 719; x_wconf 85' lang='lat' dir='ltr'>accidere,</span> <span class='ocrx_word' id='word_1_67' title='bbox 1149 678 1365 721; x_wconf 86' lang='lat' dir='ltr'>utrumque</span> <span class='ocrx_word' id='word_1_68' title='bbox 1394 676 1502 712; x_wconf 87' lang='lat' dir='ltr'>nulli.</span> 
     </span>
    </p>
   </div>
   <div class='ocr_carea' id='block_1_12' title="bbox 228 747 1845 2083">
    <p class='ocr_par' dir='ltr' id='par_1_12' title="bbox 230 747 1843 1100">
     <span class='ocr_line' id='line_1_17' title="bbox 287 747 1838 798; baseline 0.001 -14"><span class='ocrx_word' id='word_1_69' title='bbox 287 748 305 784; x_wconf 89' lang='lat'>1</span> <span class='ocrx_word' id='word_1_70' title='bbox 350 758 405 785; x_wconf 81' lang='lat' dir='ltr'>AT</span> <span class='ocrx_word' id='word_1_71' title='bbox 449 757 528 785; x_wconf 72' lang='lat' dir='ltr'>Eoo</span> <span class='ocrx_word' id='word_1_72' title='bbox 570 758 745 785; x_wconf 74' lang='lat' dir='ltr'>INFELIX</span> <span class='ocrx_word' id='word_1_73' title='bbox 790 758 930 793; x_wconf 85' lang='lat' dir='ltr'>NEQUE</span> <span class='ocrx_word' id='word_1_74' title='bbox 962 758 1194 787; x_wconf 75' lang='lat' dir='ltr'>RIDICULUs</span> <span class='ocrx_word' id='word_1_75' title='bbox 1231 749 1319 786; x_wconf 91' lang='lat' dir='ltr'>iam</span> <span class='ocrx_word' id='word_1_76' title='bbox 1352 748 1511 787; x_wconf 78' lang='lat' dir='ltr'>transit</span> <span class='ocrx_word' id='word_1_77' title='bbox 1543 748 1595 786; x_wconf 89' lang='lat' dir='ltr'>ad</span> <span class='ocrx_word' id='word_1_78' title='bbox 1628 747 1838 798; x_wconf 81' lang='grc' dir='ltr'><em>μιμητικὸν</em></span> 
     </span>
     <span class='ocr_line' id='line_1_18' title="bbox 230 824 1843 872; baseline 0.002 -13"><span class='ocrx_word' id='word_1_79' title='bbox 230 828 466 872; x_wconf 78' lang='grc' dir='ltr'><strong><em>χαρακτῆρα.</em></strong></span> <span class='ocrx_word' id='word_1_80' title='bbox 503 824 526 861; x_wconf 80' lang='grc'>2</span> <span class='ocrx_word' id='word_1_81' title='bbox 560 835 616 862; x_wconf 81' lang='lat' dir='ltr'>AT</span> <span class='ocrx_word' id='word_1_82' title='bbox 643 834 723 863; x_wconf 79' lang='lat' dir='ltr'>EGO</span> <span class='ocrx_word' id='word_1_83' title='bbox 750 835 777 863; x_wconf 88' lang='lat'>1.</span> <span class='ocrx_word' id='word_1_84' title='bbox 806 835 847 863; x_wconf 85' lang='lat' dir='ltr'>N.</span> <span class='ocrx_word' id='word_1_85' title='bbox 877 834 916 863; x_wconf 79' lang='lat' dir='ltr'>R.</span> <span class='ocrx_word' id='word_1_86' title='bbox 947 825 1227 863; x_wconf 76' lang='lat' dir='ltr'>vehementer</span> <span class='ocrx_word' id='word_1_87' title='bbox 1255 825 1457 863; x_wconf 88' lang='lat' dir='ltr'>invectus</span> <span class='ocrx_word' id='word_1_88' title='bbox 1483 825 1550 862; x_wconf 88' lang='lat' dir='ltr'>est</span> <span class='ocrx_word' id='word_1_89' title='bbox 1576 824 1620 862; x_wconf 92' lang='lat' dir='ltr'>in</span> <span class='ocrx_word' id='word_1_90' title='bbox 1646 826 1843 872; x_wconf 85' lang='lat' dir='ltr'>tempora</span> 
     </span>
     <span class='ocr_line' id='line_1_19' title="bbox 231 900 1843 949; baseline 0 -12"><span class='ocrx_word' id='word_1_91' title='bbox 231 901 274 937; x_wconf 89' lang='lat' dir='ltr'>et</span> <span class='ocrx_word' id='word_1_92' title='bbox 312 909 457 938; x_wconf 87' lang='lat' dir='ltr'>mores</span> <span class='ocrx_word' id='word_1_93' title='bbox 499 902 626 947; x_wconf 91' lang='lat' dir='ltr'>poeta</span> <span class='ocrx_word' id='word_1_94' title='bbox 666 900 746 938; x_wconf 90' lang='lat' dir='ltr'>sub</span> <span class='ocrx_word' id='word_1_95' title='bbox 780 900 862 939; x_wconf 90' lang='lat' dir='ltr'>hac</span> <span class='ocrx_word' id='word_1_96' title='bbox 894 911 1095 949; x_wconf 79' lang='lat' dir='ltr'>persona,</span> <span class='ocrx_word' id='word_1_97' title='bbox 1130 901 1173 939; x_wconf 92' lang='lat' dir='ltr'>in</span> <span class='ocrx_word' id='word_1_98' title='bbox 1206 910 1291 948; x_wconf 85' lang='lat' dir='ltr'>qua</span> <span class='ocrx_word' id='word_1_99' title='bbox 1322 900 1550 938; x_wconf 87' lang='lat' dir='ltr'>hominem</span> <span class='ocrx_word' id='word_1_100' title='bbox 1583 900 1644 937; x_wconf 89' lang='lat' dir='ltr'>ita</span> <span class='ocrx_word' id='word_1_101' title='bbox 1675 900 1843 938; x_wconf 80' lang='lat' dir='ltr'>inducit</span> 
     </span>
     <span class='ocr_line' id='line_1_20' title="bbox 230 970 1842 1024; baseline -0.001 -10"><span class='ocrx_word' id='word_1_102' title='bbox 230 975 451 1023; x_wconf 86' lang='lat' dir='ltr'>paenitere</span> <span class='ocrx_word' id='word_1_103' title='bbox 478 975 710 1023; x_wconf 79' lang='lat' dir='ltr'>probitatis</span> <span class='ocrx_word' id='word_1_104' title='bbox 742 985 859 1024; x_wconf 89' lang='lat' dir='ltr'>suae,</span> <span class='ocrx_word' id='word_1_105' title='bbox 894 977 943 1014; x_wconf 92' lang='lat' dir='ltr'>ut</span> <span class='ocrx_word' id='word_1_106' title='bbox 974 986 1021 1015; x_wconf 90' lang='lat' dir='ltr'>se</span> <span class='ocrx_word' id='word_1_107' title='bbox 1050 974 1298 1015; x_wconf 82' lang='lat' dir='ltr'>‘infelicem’</span> <span class='ocrx_word' id='word_1_108' title='bbox 1326 985 1410 1014; x_wconf 90' lang='lat' dir='ltr'>non</span> <span class='ocrx_word' id='word_1_109' title='bbox 1441 970 1702 1013; x_wconf 87' lang='lat' dir='ltr'>‘honestum&#39;</span> <span class='ocrx_word' id='word_1_110' title='bbox 1730 974 1842 1013; x_wconf 87' lang='lat' dir='ltr'>dicat</span> 
     </span>
     <span class='ocr_line' id='line_1_21' title="bbox 231 1050 1037 1100; baseline 0.002 -12"><span class='ocrx_word' id='word_1_111' title='bbox 231 1052 274 1089; x_wconf 88' lang='lat' dir='ltr'>et</span> <span class='ocrx_word' id='word_1_112' title='bbox 306 1061 391 1088; x_wconf 91' lang='lat' dir='ltr'>non</span> <span class='ocrx_word' id='word_1_113' title='bbox 426 1051 552 1089; x_wconf 86' lang='lat' dir='ltr'>‘nolo&#39;</span> <span class='ocrx_word' id='word_1_114' title='bbox 585 1051 660 1089; x_wconf 89' lang='lat' dir='ltr'>sed</span> <span class='ocrx_word' id='word_1_115' title='bbox 695 1050 795 1089; x_wconf 87' lang='lat' dir='ltr'>‘non</span> <span class='ocrx_word' id='word_1_116' title='bbox 828 1052 1037 1100; x_wconf 87' lang='lat' dir='ltr'>possum&#39;.</span> 
     </span>
    </p>

    <p class='ocr_par' dir='ltr' id='par_1_13' title="bbox 230 1127 1839 1252">
     <span class='ocr_line' id='line_1_22' title="bbox 289 1127 1839 1175; baseline -0.001 -10"><span class='ocrx_word' id='word_1_117' title='bbox 289 1129 306 1165; x_wconf 92' lang='lat' dir='ltr'>l</span> <span class='ocrx_word' id='word_1_118' title='bbox 343 1136 445 1172; x_wconf 77' lang='lat' dir='ltr'>QUn)</span> <span class='ocrx_word' id='word_1_119' title='bbox 478 1137 533 1165; x_wconf 83' lang='lat' dir='ltr'>TU</span> <span class='ocrx_word' id='word_1_120' title='bbox 566 1137 638 1164; x_wconf 85' lang='lat' dir='ltr'>HIS</span> <span class='ocrx_word' id='word_1_121' title='bbox 671 1137 809 1165; x_wconf 83' lang='lat' dir='ltr'>REBUs</span> <span class='ocrx_word' id='word_1_122' title='bbox 842 1137 992 1165; x_wconf 78' lang='lat' dir='ltr'>cREms</span> <span class='ocrx_word' id='word_1_123' title='bbox 1023 1137 1138 1166; x_wconf 79' lang='lat' dir='ltr'>FIERI</span> <span class='ocrx_word' id='word_1_124' title='bbox 1166 1128 1268 1166; x_wconf 91' lang='lat' dir='ltr'>dum</span> <span class='ocrx_word' id='word_1_125' title='bbox 1298 1127 1394 1175; x_wconf 88' lang='lat' dir='ltr'>quis</span> <span class='ocrx_word' id='word_1_126' title='bbox 1420 1127 1584 1165; x_wconf 82' lang='lat' dir='ltr'>ridetur</span> <span class='ocrx_word' id='word_1_127' title='bbox 1611 1128 1686 1164; x_wconf 89' lang='lat' dir='ltr'>aut</span> <span class='ocrx_word' id='word_1_128' title='bbox 1712 1135 1839 1174; x_wconf 89' lang='lat' dir='ltr'>vapu-</span> 
     </span>
     <span class='ocr_line' id='line_1_23' title="bbox 230 1202 1428 1252; baseline -0.002 -11"><span class='ocrx_word' id='word_1_129' title='bbox 230 1203 306 1241; x_wconf 86' lang='lat' dir='ltr'>lat.</span> <span class='ocrx_word' id='word_1_130' title='bbox 340 1204 363 1240; x_wconf 84' lang='grc'>2</span> <span class='ocrx_word' id='word_1_131' title='bbox 398 1213 509 1241; x_wconf 82' lang='lat' dir='ltr'>TOTA</span> <span class='ocrx_word' id='word_1_132' title='bbox 540 1213 679 1241; x_wconf 78' lang='lat' dir='ltr'>ERRAS</span> <span class='ocrx_word' id='word_1_133' title='bbox 711 1213 789 1241; x_wconf 81' lang='lat' dir='ltr'>VIA</span> <span class='ocrx_word' id='word_1_134' title='bbox 821 1203 1045 1252; x_wconf 75' lang='grc' dir='ltr'><em>παρόμοιον</em></span> <span class='ocrx_word' id='word_1_135' title='bbox 1078 1213 1150 1251; x_wconf 83' lang='lat' dir='ltr'>per</span> <span class='ocrx_word' id='word_1_136' title='bbox 1183 1202 1428 1252; x_wconf 70' lang='grc' dir='ltr'><em>μεταφορὰν.</em></span> 
     </span>
    </p>

    <p class='ocr_par' dir='ltr' id='par_1_14' title="bbox 279 1277 1775 1326">
     <span class='ocr_line' id='line_1_24' title="bbox 279 1277 1775 1326; baseline -0.001 -10"><span class='ocrx_word' id='word_1_137' title='bbox 279 1289 397 1317; x_wconf 80' lang='lat' dir='ltr'>APUD</span> <span class='ocrx_word' id='word_1_138' title='bbox 438 1289 637 1317; x_wconf 83' lang='lat' dir='ltr'>SAEOLUM</span> <span class='ocrx_word' id='word_1_139' title='bbox 679 1289 805 1317; x_wconf 82' lang='lat' dir='ltr'>PRIUs</span> <span class='ocrx_word' id='word_1_140' title='bbox 838 1279 1005 1318; x_wconf 89' lang='lat' dir='ltr'>scilicet</span> <span class='ocrx_word' id='word_1_141' title='bbox 1038 1290 1138 1318; x_wconf 89' lang='lat' dir='ltr'>curn</span> <span class='ocrx_word' id='word_1_142' title='bbox 1170 1282 1321 1318; x_wconf 84' lang='lat' dir='ltr'>essent</span> <span class='ocrx_word' id='word_1_143' title='bbox 1352 1280 1550 1326; x_wconf 87' lang='lat' dir='ltr'>tempora</span> <span class='ocrx_word' id='word_1_144' title='bbox 1583 1277 1775 1315; x_wconf 83' lang='lat' dir='ltr'>meliora.</span> 
     </span>
    </p>

    <p class='ocr_par' dir='ltr' id='par_1_15' title="bbox 230 1352 1842 1553">
     <span class='ocr_line' id='line_1_25' title="bbox 285 1352 1840 1403; baseline -0.001 -11"><span class='ocrx_word' id='word_1_145' title='bbox 285 1357 298 1392; x_wconf 90' lang='lat' dir='ltr'>l</span> <span class='ocrx_word' id='word_1_146' title='bbox 333 1364 417 1392; x_wconf 83' lang='lat' dir='ltr'>Hoc</span> <span class='ocrx_word' id='word_1_147' title='bbox 444 1364 595 1392; x_wconf 84' lang='lat' dir='ltr'>NOVUM</span> <span class='ocrx_word' id='word_1_148' title='bbox 621 1364 695 1392; x_wconf 73' lang='lat' dir='ltr'>EsT</span> <span class='ocrx_word' id='word_1_149' title='bbox 723 1365 952 1393; x_wconf 84' lang='lat' dir='ltr'>AUCUPIUM</span> <span class='ocrx_word' id='word_1_150' title='bbox 981 1355 1079 1393; x_wconf 90' lang='lat' dir='ltr'>vide</span> <span class='ocrx_word' id='word_1_151' title='bbox 1106 1355 1208 1403; x_wconf 89' lang='lat' dir='ltr'>quid</span> <span class='ocrx_word' id='word_1_152' title='bbox 1229 1355 1405 1393; x_wconf 87' lang='lat' dir='ltr'>intersit</span> <span class='ocrx_word' id='word_1_153' title='bbox 1433 1364 1530 1393; x_wconf 87' lang='lat' dir='ltr'>cum</span> <span class='ocrx_word' id='word_1_154' title='bbox 1559 1354 1683 1391; x_wconf 91' lang='lat' dir='ltr'>illum</span> <span class='ocrx_word' id='word_1_155' title='bbox 1704 1352 1840 1399; x_wconf 83' lang='lat' dir='ltr'>‘quae-</span> 
     </span>
     <span class='ocr_line' id='line_1_26' title="bbox 230 1427 1842 1479; baseline -0.002 -11"><span class='ocrx_word' id='word_1_156' title='bbox 230 1431 365 1468; x_wconf 89' lang='lat' dir='ltr'>stum’</span> <span class='ocrx_word' id='word_1_157' title='bbox 414 1430 548 1478; x_wconf 90' lang='lat' dir='ltr'>dicat,</span> <span class='ocrx_word' id='word_1_158' title='bbox 583 1431 665 1468; x_wconf 88' lang='lat' dir='ltr'>hoc</span> <span class='ocrx_word' id='word_1_159' title='bbox 699 1430 986 1479; x_wconf 81' lang='lat' dir='ltr'>‘aucupium’z</span> <span class='ocrx_word' id='word_1_160' title='bbox 1020 1430 1125 1469; x_wconf 84' lang='lat' dir='ltr'>illud</span> <span class='ocrx_word' id='word_1_161' title='bbox 1153 1431 1204 1469; x_wconf 87' lang='lat' dir='ltr'>de</span> <span class='ocrx_word' id='word_1_162' title='bbox 1232 1430 1522 1478; x_wconf 79' lang='lat' dir='ltr'>sapientibUS,</span> <span class='ocrx_word' id='word_1_163' title='bbox 1552 1431 1631 1467; x_wconf 87' lang='lat' dir='ltr'>hoc</span> <span class='ocrx_word' id='word_1_164' title='bbox 1659 1428 1710 1466; x_wconf 90' lang='lat' dir='ltr'>de</span> <span class='ocrx_word' id='word_1_165' title='bbox 1736 1427 1842 1466; x_wconf 90' lang='lat' dir='ltr'>stul-</span> 
     </span>
     <span class='ocr_line' id='line_1_27' title="bbox 230 1505 1414 1553; baseline 0.001 -10"><span class='ocrx_word' id='word_1_166' title='bbox 230 1505 301 1545; x_wconf 80' lang='lat' dir='ltr'>tiS.</span> <span class='ocrx_word' id='word_1_167' title='bbox 336 1506 360 1543; x_wconf 82' lang='lat'><strong>2</strong></span> <span class='ocrx_word' id='word_1_168' title='bbox 394 1515 548 1543; x_wconf 74' lang='lat' dir='ltr'>mvnm</span> <span class='ocrx_word' id='word_1_169' title='bbox 581 1515 692 1544; x_wconf 81' lang='lat' dir='ltr'>VIAM</span> <span class='ocrx_word' id='word_1_170' title='bbox 724 1506 830 1544; x_wconf 89' lang='lat' dir='ltr'>adeo</span> <span class='ocrx_word' id='word_1_171' title='bbox 864 1516 1029 1544; x_wconf 87' lang='lat' dir='ltr'>novum</span> <span class='ocrx_word' id='word_1_172' title='bbox 1067 1507 1135 1544; x_wconf 89' lang='lat' dir='ltr'>est</span> <span class='ocrx_word' id='word_1_173' title='bbox 1167 1505 1414 1553; x_wconf 88' lang='lat' dir='ltr'>aucupium.</span> 
     </span>
    </p>

    <p class='ocr_par' dir='ltr' id='par_1_16' title="bbox 230 1578 1845 1704">
     <span class='ocr_line' id='line_1_28' title="bbox 281 1578 1845 1629; baseline -0.001 -11"><span class='ocrx_word' id='word_1_174' title='bbox 281 1591 357 1619; x_wconf 68' lang='lat' dir='ltr'>Esm</span> <span class='ocrx_word' id='word_1_175' title='bbox 384 1590 525 1619; x_wconf 80' lang='lat' dir='ltr'>GENUS</span> <span class='ocrx_word' id='word_1_176' title='bbox 552 1591 762 1619; x_wconf 79' lang='lat' dir='ltr'>HOMINUM</span> <span class='ocrx_word' id='word_1_177' title='bbox 789 1581 890 1628; x_wconf 88' lang='lat' dir='ltr'>quia</span> <span class='ocrx_word' id='word_1_178' title='bbox 919 1581 1048 1619; x_wconf 88' lang='lat' dir='ltr'>multi</span> <span class='ocrx_word' id='word_1_179' title='bbox 1075 1582 1180 1619; x_wconf 88' lang='lat' dir='ltr'>sunt</span> <span class='ocrx_word' id='word_1_180' title='bbox 1203 1580 1472 1629; x_wconf 87' lang='lat' dir='ltr'>huiusmodi,</span> <span class='ocrx_word' id='word_1_181' title='bbox 1494 1589 1579 1618; x_wconf 94' lang='lat' dir='ltr'>non</span> <span class='ocrx_word' id='word_1_182' title='bbox 1597 1580 1708 1618; x_wconf 80' lang='lat' dir='ltr'>dixit</span> <span class='ocrx_word' id='word_1_183' title='bbox 1727 1578 1845 1616; x_wconf 90' lang='lat' dir='ltr'>‘sunt</span> 
     </span>
     <span class='ocr_line' id='line_1_29' title="bbox 230 1656 1131 1704; baseline 0 -10"><span class='ocrx_word' id='word_1_184' title='bbox 230 1657 444 1695; x_wconf 81' lang='lat' dir='ltr'>nomines’</span> <span class='ocrx_word' id='word_1_185' title='bbox 477 1657 553 1695; x_wconf 91' lang='lat' dir='ltr'>sed</span> <span class='ocrx_word' id='word_1_186' title='bbox 586 1656 667 1695; x_wconf 88' lang='lat' dir='ltr'>‘est</span> <span class='ocrx_word' id='word_1_187' title='bbox 698 1667 837 1704; x_wconf 88' lang='lat' dir='ltr'>genus</span> <span class='ocrx_word' id='word_1_188' title='bbox 870 1657 1131 1695; x_wconf 89' lang='lat' dir='ltr'>hominum&#39;.</span> 
     </span>
    </p>

    <p class='ocr_par' dir='ltr' id='par_1_17' title="bbox 231 1729 1844 1856">
     <span class='ocr_line' id='line_1_30' title="bbox 282 1729 1841 1780; baseline -0.002 -10"><span class='ocrx_word' id='word_1_189' title='bbox 282 1742 407 1771; x_wconf 78' lang='lat' dir='ltr'>HisoE</span> <span class='ocrx_word' id='word_1_190' title='bbox 439 1742 520 1771; x_wconf 72' lang='lat' dir='ltr'>Eso</span> <span class='ocrx_word' id='word_1_191' title='bbox 553 1742 640 1770; x_wconf 76' lang='lat' dir='ltr'>NON</span> <span class='ocrx_word' id='word_1_192' title='bbox 672 1742 784 1771; x_wconf 82' lang='lat' dir='ltr'><strong>PARO</strong></span> <span class='ocrx_word' id='word_1_193' title='bbox 817 1743 877 1771; x_wconf 82' lang='lat' dir='ltr'>ME</span> <span class='ocrx_word' id='word_1_194' title='bbox 908 1743 964 1771; x_wconf 81' lang='lat' dir='ltr'>UT</span> <span class='ocrx_word' id='word_1_195' title='bbox 997 1742 1189 1771; x_wconf 79' lang='lat' dir='ltr'>RIDEANT</span> <span class='ocrx_word' id='word_1_196' title='bbox 1223 1732 1324 1780; x_wconf 86' lang='lat' dir='ltr'>quia</span> <span class='ocrx_word' id='word_1_197' title='bbox 1354 1732 1428 1770; x_wconf 93' lang='lat' dir='ltr'>ille</span> <span class='ocrx_word' id='word_1_198' title='bbox 1460 1732 1631 1770; x_wconf 77' lang='lat' dir='ltr'>dixerat</span> <span class='ocrx_word' id='word_1_199' title='bbox 1663 1730 1755 1778; x_wconf 82' lang='lat' dir='ltr'>‘ego</span> <span class='ocrx_word' id='word_1_200' title='bbox 1782 1729 1841 1767; x_wconf 89' lang='lat' dir='ltr'>in-</span> 
     </span>
     <span class='ocr_line' id='line_1_31' title="bbox 231 1803 1844 1856; baseline -0.002 -10"><span class='ocrx_word' id='word_1_201' title='bbox 231 1807 338 1846; x_wconf 82' lang='lat' dir='ltr'>felix</span> <span class='ocrx_word' id='word_1_202' title='bbox 380 1817 518 1855; x_wconf 87' lang='lat' dir='ltr'>neque</span> <span class='ocrx_word' id='word_1_203' title='bbox 554 1808 765 1846; x_wconf 86' lang='lat' dir='ltr'>ridiculus</span> <span class='ocrx_word' id='word_1_204' title='bbox 797 1818 893 1847; x_wconf 88' lang='lat' dir='ltr'>esse</span> <span class='ocrx_word' id='word_1_205' title='bbox 926 1818 1066 1856; x_wconf 88' lang='lat' dir='ltr'>neque</span> <span class='ocrx_word' id='word_1_206' title='bbox 1107 1808 1259 1856; x_wconf 82' lang='lat' dir='ltr'>plagas</span> <span class='ocrx_word' id='word_1_207' title='bbox 1290 1808 1383 1855; x_wconf 89' lang='lat' dir='ltr'>pati</span> <span class='ocrx_word' id='word_1_208' title='bbox 1413 1803 1609 1856; x_wconf 85' lang='lat' dir='ltr'>possum’</span> <span class='ocrx_word' id='word_1_209' title='bbox 1642 1816 1696 1853; x_wconf 78' lang='lat' dir='ltr'>(v,</span> <span class='ocrx_word' id='word_1_210' title='bbox 1731 1806 1844 1852; x_wconf 81' lang='lat'>244).</span> 
     </span>
    </p>

    <p class='ocr_par' dir='ltr' id='par_1_18' title="bbox 228 1881 1843 2083">
     <span class='ocr_line' id='line_1_32' title="bbox 289 1881 1843 1931; baseline -0.001 -10"><span class='ocrx_word' id='word_1_211' title='bbox 289 1885 308 1922; x_wconf 83' lang='lat'>1</span> <span class='ocrx_word' id='word_1_212' title='bbox 351 1893 430 1921; x_wconf 86' lang='lat' dir='ltr'>SED</span> <span class='ocrx_word' id='word_1_213' title='bbox 467 1893 541 1922; x_wconf 78' lang='lat' dir='ltr'>His</span> <span class='ocrx_word' id='word_1_214' title='bbox 585 1894 723 1922; x_wconf 77' lang='lat' dir='ltr'>ULTRo</span> <span class='ocrx_word' id='word_1_215' title='bbox 767 1894 958 1922; x_wconf 75' lang='lat' dir='ltr'>AREIDEo</span> <span class='ocrx_word' id='word_1_216' title='bbox 1000 1884 1104 1931; x_wconf 89' lang='lat' dir='ltr'>quid</span> <span class='ocrx_word' id='word_1_217' title='bbox 1139 1885 1206 1922; x_wconf 90' lang='lat' dir='ltr'>est</span> <span class='ocrx_word' id='word_1_218' title='bbox 1239 1882 1321 1921; x_wconf 85' lang='lat' dir='ltr'>‘his</span> <span class='ocrx_word' id='word_1_219' title='bbox 1353 1883 1567 1921; x_wconf 82' lang='lat' dir='ltr'>arrideo&#39;?</span> <span class='ocrx_word' id='word_1_220' title='bbox 1600 1884 1676 1920; x_wconf 90' lang='lat' dir='ltr'>aut</span> <span class='ocrx_word' id='word_1_221' title='bbox 1707 1881 1843 1920; x_wconf 88' lang='lat' dir='ltr'>veluti</span> 
     </span>
     <span class='ocr_line' id='line_1_33' title="bbox 228 1943 1842 2007; baseline -0.002 -10"><span class='ocrx_word' id='word_1_222' title='bbox 228 1969 379 2007; x_wconf 90' lang='lat' dir='ltr'>pareo,</span> <span class='ocrx_word' id='word_1_223' title='bbox 428 1958 481 1999; x_wconf 87' lang='grc' dir='ltr'>(α)</span> <span class='ocrx_word' id='word_1_224' title='bbox 523 1961 599 1997; x_wconf 90' lang='lat' dir='ltr'>aut</span> <span class='ocrx_word' id='word_1_225' title='bbox 640 1943 779 1997; x_wconf 86' lang='lat' dir='ltr'>veluti</span> <span class='ocrx_word' id='word_1_226' title='bbox 821 1959 951 1998; x_wconf 87' lang='lat' dir='ltr'>dictis</span> <span class='ocrx_word' id='word_1_227' title='bbox 992 1959 1197 1997; x_wconf 88' lang='lat' dir='ltr'>delector.</span> <span class='ocrx_word' id='word_1_228' title='bbox 1239 1959 1264 1997; x_wconf 89' lang='lat'><strong>3</strong></span> <span class='ocrx_word' id='word_1_229' title='bbox 1310 1969 1388 1996; x_wconf 81' lang='lat' dir='ltr'>SED</span> <span class='ocrx_word' id='word_1_230' title='bbox 1420 1969 1493 1996; x_wconf 81' lang='lat' dir='ltr'>His</span> <span class='ocrx_word' id='word_1_231' title='bbox 1524 1967 1664 1996; x_wconf 74' lang='lat' dir='ltr'>ULTRo</span> <span class='ocrx_word' id='word_1_232' title='bbox 1699 1956 1842 1995; x_wconf 91' lang='lat' dir='ltr'>‘ultro&#39;</span> 
     </span>
     <span class='ocr_line' id='line_1_34' title="bbox 230 2032 1842 2083; baseline -0.002 -10"><span class='ocrx_word' id='word_1_233' title='bbox 230 2044 359 2073; x_wconf 88' lang='lat' dir='ltr'>versa</span> <span class='ocrx_word' id='word_1_234' title='bbox 401 2035 493 2073; x_wconf 90' lang='lat' dir='ltr'>vice</span> <span class='ocrx_word' id='word_1_235' title='bbox 532 2046 587 2074; x_wconf 91' lang='lat' dir='ltr'>an</span> <span class='ocrx_word' id='word_1_236' title='bbox 627 2032 773 2083; x_wconf 80' lang='lat' dir='ltr'>prior?</span> <span class='ocrx_word' id='word_1_237' title='bbox 817 2037 841 2073; x_wconf 83' lang='lat'>5</span> <span class='ocrx_word' id='word_1_238' title='bbox 880 2045 1080 2073; x_wconf 76' lang='lat' dir='ltr'>ADMinoR</span> <span class='ocrx_word' id='word_1_239' title='bbox 1121 2045 1254 2073; x_wconf 86' lang='lat' dir='ltr'>SIMUL</span> <span class='ocrx_word' id='word_1_240' title='bbox 1303 2035 1400 2083; x_wconf 92' lang='lat' dir='ltr'>plus</span> <span class='ocrx_word' id='word_1_241' title='bbox 1442 2034 1608 2082; x_wconf 88' lang='lat' dir='ltr'>intulit,</span> <span class='ocrx_word' id='word_1_242' title='bbox 1643 2042 1771 2080; x_wconf 88' lang='lat' dir='ltr'>quam</span> <span class='ocrx_word' id='word_1_243' title='bbox 1805 2032 1842 2070; x_wconf 88' lang='lat' dir='ltr'>si</span> 
     </span>
    </p>
   </div>
   <div class='ocr_carea' id='block_1_13' title="bbox 233 2110 623 2151">
    <p class='ocr_par' dir='ltr' id='par_1_19' title="bbox 233 2110 623 2151">
     <span class='ocr_line' id='line_1_35' title="bbox 233 2110 623 2151; baseline 0.005 -3"><span class='ocrx_word' id='word_1_244' title='bbox 233 2110 388 2148; x_wconf 89' lang='lat' dir='ltr'>‘laudo’</span> <span class='ocrx_word' id='word_1_245' title='bbox 423 2110 623 2151; x_wconf 87' lang='lat' dir='ltr'>dixisset.</span> 
     </span>
    </p>
   </div>
   <div class='ocr_carea' id='block_1_14' title="bbox 306 2180 1843 2498">
    <p class='ocr_par' dir='ltr' id='par_1_20' title="bbox 406 2180 1843 2228">
     <span class='ocr_line' id='line_1_36' title="bbox 406 2180 1843 2228; baseline -0.002 -10"><span class='ocrx_word' id='word_1_246' title='bbox 406 2185 423 2218; x_wconf 88' lang='lat'>1</span> <span class='ocrx_word' id='word_1_247' title='bbox 467 2194 491 2219; x_wconf 84' lang='lat' dir='ltr'>a</span> <span class='ocrx_word' id='word_1_248' title='bbox 519 2184 556 2219; x_wconf 91' lang='lat' dir='ltr'>id</span> <span class='ocrx_word' id='word_1_249' title='bbox 581 2186 646 2220; x_wconf 88' lang='lat' dir='ltr'>est</span> <span class='ocrx_word' id='word_1_250' title='bbox 670 2184 834 2228; x_wconf 89' lang='lat' dir='ltr'>obsequi</span> <span class='ocrx_word' id='word_1_251' title='bbox 863 2184 994 2219; x_wconf 87' lang='lat' dir='ltr'>venio.</span> <span class='ocrx_word' id='word_1_252' title='bbox 1025 2184 1046 2218; x_wconf 84' lang='lat'><strong>2</strong></span> <span class='ocrx_word' id='word_1_253' title='bbox 1076 2184 1208 2227; x_wconf 82' lang='lat' dir='ltr'>Atque</span> <span class='ocrx_word' id='word_1_254' title='bbox 1237 2183 1414 2219; x_wconf 74' lang='lat' dir='ltr'>‘arrideo’</span> <span class='ocrx_word' id='word_1_255' title='bbox 1444 2193 1539 2228; x_wconf 92' lang='lat' dir='ltr'>non,</span> <span class='ocrx_word' id='word_1_256' title='bbox 1582 2183 1627 2218; x_wconf 87' lang='lat' dir='ltr'>ut</span> <span class='ocrx_word' id='word_1_257' title='bbox 1656 2180 1843 2226; x_wconf 80' lang='lat' dir='ltr'>parasitis</span> 
     </span>
    </p>

    <p class='ocr_par' dir='ltr' id='par_1_21' title="bbox 349 2234 1843 2282">
     <span class='ocr_line' id='line_1_37' title="bbox 349 2234 1843 2282; baseline -0.003 -10"><span class='ocrx_word' id='word_1_258' title='bbox 349 2237 433 2273; x_wconf 86' lang='lat' dir='ltr'>fieri</span> <span class='ocrx_word' id='word_1_259' title='bbox 475 2237 595 2282; x_wconf 87' lang='lat' dir='ltr'>solet,</span> <span class='ocrx_word' id='word_1_260' title='bbox 625 2240 670 2273; x_wconf 86' lang='lat' dir='ltr'>ut</span> <span class='ocrx_word' id='word_1_261' title='bbox 692 2238 755 2273; x_wconf 89' lang='lat' dir='ltr'>his</span> <span class='ocrx_word' id='word_1_262' title='bbox 785 2239 1009 2274; x_wconf 88' lang='lat' dir='ltr'>arrideatur</span> <span class='ocrx_word' id='word_1_263' title='bbox 1036 2248 1059 2274; x_wconf 90' lang='lat' dir='ltr'>a</span> <span class='ocrx_word' id='word_1_264' title='bbox 1087 2238 1248 2281; x_wconf 88' lang='lat' dir='ltr'>regibus</span> <span class='ocrx_word' id='word_1_265' title='bbox 1278 2246 1396 2280; x_wconf 85' lang='lat' dir='ltr'>quam</span> <span class='ocrx_word' id='word_1_266' title='bbox 1426 2237 1501 2280; x_wconf 88' lang='lat' dir='ltr'>ipsi</span> <span class='ocrx_word' id='word_1_267' title='bbox 1531 2235 1648 2272; x_wconf 88' lang='lat' dir='ltr'>dictis</span> <span class='ocrx_word' id='word_1_268' title='bbox 1677 2234 1843 2270; x_wconf 80' lang='lat' dir='ltr'>saetisve</span> 
     </span>
    </p>

    <p class='ocr_par' dir='ltr' id='par_1_22' title="bbox 306 2288 1843 2337">
     <span class='ocr_line' id='line_1_38' title="bbox 306 2288 1843 2337; baseline -0.003 -11"><span class='ocrx_word' id='word_1_269' title='bbox 306 2319 310 2326; x_wconf 93' lang='lat'>.</span> <span class='ocrx_word' id='word_1_270' title='bbox 351 2291 552 2327; x_wconf 83' lang='lat' dir='ltr'>arrideant</span> <span class='ocrx_word' id='word_1_271' title='bbox 590 2291 749 2337; x_wconf 87' lang='lat' dir='ltr'>alienis,</span> <span class='ocrx_word' id='word_1_272' title='bbox 788 2292 850 2327; x_wconf 87' lang='lat' dir='ltr'>hic</span> <span class='ocrx_word' id='word_1_273' title='bbox 877 2302 967 2328; x_wconf 85' lang='lat' dir='ltr'>esse</span> <span class='ocrx_word' id='word_1_274' title='bbox 999 2291 1311 2335; x_wconf 86' lang='lat' dir='ltr'>intellegendum</span> <span class='ocrx_word' id='word_1_275' title='bbox 1340 2292 1462 2327; x_wconf 84' lang='lat' dir='ltr'>etiarn</span> <span class='ocrx_word' id='word_1_276' title='bbox 1491 2291 1578 2334; x_wconf 88' lang='lat' dir='ltr'>ipsa</span> <span class='ocrx_word' id='word_1_277' title='bbox 1607 2299 1670 2324; x_wconf 86' lang='lat' dir='ltr'>res</span> <span class='ocrx_word' id='word_1_278' title='bbox 1698 2288 1843 2325; x_wconf 89' lang='lat' dir='ltr'>indicat</span> 
     </span>
    </p>

    <p class='ocr_par' dir='ltr' id='par_1_23' title="bbox 350 2340 1842 2390">
     <span class='ocr_line' id='line_1_39' title="bbox 350 2340 1842 2390; baseline -0.003 -10"><span class='ocrx_word' id='word_1_279' title='bbox 350 2354 371 2380; x_wconf 87' lang='lat' dir='ltr'>e</span> <span class='ocrx_word' id='word_1_280' title='bbox 408 2345 626 2390; x_wconf 84' lang='lat' dir='ltr'>contrario;</span> <span class='ocrx_word' id='word_1_281' title='bbox 654 2355 746 2381; x_wconf 87' lang='lat' dir='ltr'>nam</span> <span class='ocrx_word' id='word_1_282' title='bbox 764 2347 867 2389; x_wconf 89' lang='lat' dir='ltr'>quod</span> <span class='ocrx_word' id='word_1_283' title='bbox 893 2346 949 2382; x_wconf 85' lang='lat' dir='ltr'>ait</span> <span class='ocrx_word' id='word_1_284' title='bbox 974 2355 1096 2390; x_wconf 86' lang='lat' dir='ltr'>supra</span> <span class='ocrx_word' id='word_1_285' title='bbox 1121 2346 1196 2381; x_wconf 85' lang='lat' dir='ltr'>‘his</span> <span class='ocrx_word' id='word_1_286' title='bbox 1224 2354 1298 2388; x_wconf 87' lang='lat' dir='ltr'>ego</span> <span class='ocrx_word' id='word_1_287' title='bbox 1323 2355 1402 2381; x_wconf 89' lang='lat' dir='ltr'>non</span> <span class='ocrx_word' id='word_1_288' title='bbox 1428 2354 1522 2388; x_wconf 88' lang='lat' dir='ltr'>paro</span> <span class='ocrx_word' id='word_1_289' title='bbox 1538 2353 1602 2378; x_wconf 86' lang='lat' dir='ltr'>me</span> <span class='ocrx_word' id='word_1_290' title='bbox 1617 2343 1663 2378; x_wconf 86' lang='lat' dir='ltr'>ut</span> <span class='ocrx_word' id='word_1_291' title='bbox 1677 2340 1842 2378; x_wconf 85' lang='lat' dir='ltr'>rideant&#39;</span> 
     </span>
    </p>

    <p class='ocr_par' dir='ltr' id='par_1_24' title="bbox 348 2395 1840 2498">
     <span class='ocr_line' id='line_1_40' title="bbox 348 2395 1840 2444; baseline -0.003 -11"><span class='ocrx_word' id='word_1_292' title='bbox 348 2400 421 2434; x_wconf 87' lang='lat' dir='ltr'>hoc</span> <span class='ocrx_word' id='word_1_293' title='bbox 458 2408 479 2434; x_wconf 92' lang='lat' dir='ltr'>e</span> <span class='ocrx_word' id='word_1_294' title='bbox 517 2400 717 2435; x_wconf 86' lang='lat' dir='ltr'>contrario</span> <span class='ocrx_word' id='word_1_295' title='bbox 756 2401 949 2444; x_wconf 83' lang='lat' dir='ltr'>ostendit,</span> <span class='ocrx_word' id='word_1_296' title='bbox 991 2401 1094 2443; x_wconf 86' lang='lat' dir='ltr'>quod</span> <span class='ocrx_word' id='word_1_297' title='bbox 1133 2398 1351 2435; x_wconf 84' lang='lat' dir='ltr'>subiciatur</span> <span class='ocrx_word' id='word_1_298' title='bbox 1388 2398 1470 2433; x_wconf 85' lang='lat' dir='ltr'>‘sed</span> <span class='ocrx_word' id='word_1_299' title='bbox 1505 2397 1580 2432; x_wconf 86' lang='lat' dir='ltr'>his&#39;</span> <span class='ocrx_word' id='word_1_300' title='bbox 1610 2398 1698 2441; x_wconf 69' lang='lat' dir='ltr'>etc,</span> <span class='ocrx_word' id='word_1_301' title='bbox 1729 2397 1751 2430; x_wconf 91' lang='lat'>4</span> <span class='ocrx_word' id='word_1_302' title='bbox 1780 2395 1840 2429; x_wconf 88' lang='lat' dir='ltr'>An</span> 
     </span>
     <span class='ocr_line' id='line_1_41' title="bbox 351 2453 1151 2498; baseline -0.001 -9"><span class='ocrx_word' id='word_1_303' title='bbox 351 2453 512 2489; x_wconf 89' lang='lat' dir='ltr'>etiam</span> <span class='ocrx_word' id='word_1_304' title='bbox 542 2455 756 2498; x_wconf 89' lang='lat' dir='ltr'>insuper</span> <span class='ocrx_word' id='word_1_305' title='bbox 785 2454 859 2490; x_wconf 89' lang='lat' dir='ltr'>hoc</span> <span class='ocrx_word' id='word_1_306' title='bbox 888 2455 949 2490; x_wconf 89' lang='lat' dir='ltr'>est</span> <span class='ocrx_word' id='word_1_307' title='bbox 979 2453 1151 2488; x_wconf 85' lang='lat' dir='ltr'>ultra?</span> 
     </span>
    </p>
   </div>
   <div class='ocr_carea' id='block_1_15' title="bbox 232 2519 1843 2952">
    <p class='ocr_par' dir='ltr' id='par_1_25' title="bbox 232 2519 1843 2952">
     <span class='ocr_line' id='line_1_42' title="bbox 288 2519 1843 2573; baseline -0.004 -11"><span class='ocrx_word' id='word_1_308' title='bbox 288 2525 307 2561; x_wconf 92' lang='lat' dir='ltr'>l</span> <span class='ocrx_word' id='word_1_309' title='bbox 344 2534 547 2569; x_wconf 81' lang='lat' dir='ltr'>QUioQUin</span> <span class='ocrx_word' id='word_1_310' title='bbox 580 2535 739 2563; x_wconf 73' lang='lat' dir='ltr'>DioUNT</span> <span class='ocrx_word' id='word_1_311' title='bbox 772 2535 859 2563; x_wconf 92' lang='lat' dir='ltr'>non</span> <span class='ocrx_word' id='word_1_312' title='bbox 889 2524 1014 2573; x_wconf 82' lang='lat' dir='ltr'>‘quod</span> <span class='ocrx_word' id='word_1_313' title='bbox 1042 2524 1218 2572; x_wconf 89' lang='lat' dir='ltr'>dicunt’,</span> <span class='ocrx_word' id='word_1_314' title='bbox 1248 2523 1323 2562; x_wconf 91' lang='lat' dir='ltr'>sed</span> <span class='ocrx_word' id='word_1_315' title='bbox 1352 2521 1568 2570; x_wconf 84' lang='lat' dir='ltr'>‘quicquid</span> <span class='ocrx_word' id='word_1_316' title='bbox 1596 2520 1774 2567; x_wconf 86' lang='lat' dir='ltr'>dicunt’,</span> <span class='ocrx_word' id='word_1_317' title='bbox 1802 2519 1843 2556; x_wconf 91' lang='lat' dir='ltr'>id</span> 
     </span>
     <span class='ocr_line' id='line_1_43' title="bbox 232 2595 1841 2649; baseline -0.004 -11"><span class='ocrx_word' id='word_1_318' title='bbox 232 2603 298 2639; x_wconf 86' lang='lat' dir='ltr'>est</span> <span class='ocrx_word' id='word_1_319' title='bbox 341 2601 448 2638; x_wconf 88' lang='lat' dir='ltr'>bene</span> <span class='ocrx_word' id='word_1_320' title='bbox 493 2599 683 2649; x_wconf 85' lang='lat' dir='ltr'>maleve,</span> <span class='ocrx_word' id='word_1_321' title='bbox 725 2602 773 2638; x_wconf 94' lang='lat' dir='ltr'>ut</span> <span class='ocrx_word' id='word_1_322' title='bbox 815 2600 884 2638; x_wconf 91' lang='lat' dir='ltr'>vel</span> <span class='ocrx_word' id='word_1_323' title='bbox 926 2601 964 2638; x_wconf 90' lang='lat' dir='ltr'>si</span> <span class='ocrx_word' id='word_1_324' title='bbox 1000 2599 1241 2638; x_wconf 86' lang='lat' dir='ltr'>interclusa</span> <span class='ocrx_word' id='word_1_325' title='bbox 1272 2598 1432 2636; x_wconf 86' lang='lat' dir='ltr'>fuisset</span> <span class='ocrx_word' id='word_1_326' title='bbox 1465 2595 1721 2642; x_wconf 83' lang='lat' dir='ltr'>assentatio,</span> <span class='ocrx_word' id='word_1_327' title='bbox 1757 2604 1841 2632; x_wconf 91' lang='lat' dir='ltr'>non</span> 
     </span>
     <span class='ocr_line' id='line_1_44' title="bbox 232 2674 1843 2724; baseline -0.005 -11"><span class='ocrx_word' id='word_1_328' title='bbox 232 2685 278 2713; x_wconf 90' lang='lat' dir='ltr'>se</span> <span class='ocrx_word' id='word_1_329' title='bbox 301 2675 600 2724; x_wconf 87' lang='lat' dir='ltr'>impediverit,</span> <span class='ocrx_word' id='word_1_330' title='bbox 618 2676 730 2723; x_wconf 91' lang='lat' dir='ltr'>quod</span> <span class='ocrx_word' id='word_1_331' title='bbox 753 2675 1019 2714; x_wconf 88' lang='lat' dir='ltr'>contrarium</span> <span class='ocrx_word' id='word_1_332' title='bbox 1037 2674 1296 2713; x_wconf 88' lang='lat' dir='ltr'>laudaverit.</span> <span class='ocrx_word' id='word_1_333' title='bbox 1317 2674 1339 2711; x_wconf 82' lang='lat'>2</span> <span class='ocrx_word' id='word_1_334' title='bbox 1359 2683 1403 2710; x_wconf 89' lang='lat' dir='ltr'>ID</span> <span class='ocrx_word' id='word_1_335' title='bbox 1421 2682 1595 2710; x_wconf 83' lang='lat' dir='ltr'>RURSUM</span> <span class='ocrx_word' id='word_1_336' title='bbox 1614 2681 1652 2708; x_wconf 83' lang='lat' dir='ltr'>SI</span> <span class='ocrx_word' id='word_1_337' title='bbox 1669 2678 1843 2707; x_wconf 77' lang='lat' dir='ltr'>NEGANT</span> 
     </span>
     <span class='ocr_line' id='line_1_45' title="bbox 234 2744 1843 2799; baseline -0.005 -11"><span class='ocrx_word' id='word_1_338' title='bbox 234 2761 377 2789; x_wconf 79' lang='lat' dir='ltr'>LAUDo</span> <span class='ocrx_word' id='word_1_339' title='bbox 419 2761 462 2788; x_wconf 87' lang='lat' dir='ltr'>1D</span> <span class='ocrx_word' id='word_1_340' title='bbox 503 2760 672 2796; x_wconf 81' lang='lat' dir='ltr'>QUOQUE</span> <span class='ocrx_word' id='word_1_341' title='bbox 715 2751 935 2799; x_wconf 87' lang='lat' dir='ltr'>praeclare</span> <span class='ocrx_word' id='word_1_342' title='bbox 972 2750 1221 2799; x_wconf 87' lang='lat' dir='ltr'>Terentius,</span> <span class='ocrx_word' id='word_1_343' title='bbox 1255 2749 1369 2797; x_wconf 91' lang='lat' dir='ltr'>quod</span> <span class='ocrx_word' id='word_1_344' title='bbox 1402 2759 1426 2786; x_wconf 91' lang='lat' dir='ltr'>a</span> <span class='ocrx_word' id='word_1_345' title='bbox 1457 2747 1632 2786; x_wconf 88' lang='lat' dir='ltr'>satirico</span> <span class='ocrx_word' id='word_1_346' title='bbox 1665 2746 1715 2783; x_wconf 88' lang='lat' dir='ltr'>de</span> <span class='ocrx_word' id='word_1_347' title='bbox 1746 2744 1843 2782; x_wconf 88' lang='lat' dir='ltr'>aliis</span> 
     </span>
     <span class='ocr_line' id='line_1_46' title="bbox 232 2820 1842 2875; baseline -0.006 -10"><span class='ocrx_word' id='word_1_348' title='bbox 232 2827 461 2875; x_wconf 87' lang='lat' dir='ltr'>diceretur,</span> <span class='ocrx_word' id='word_1_349' title='bbox 494 2827 538 2865; x_wconf 92' lang='lat' dir='ltr'>id</span> <span class='ocrx_word' id='word_1_350' title='bbox 572 2827 639 2865; x_wconf 81' lang='lat' dir='ltr'>hic</span> <span class='ocrx_word' id='word_1_351' title='bbox 670 2827 721 2865; x_wconf 91' lang='lat' dir='ltr'>de</span> <span class='ocrx_word' id='word_1_352' title='bbox 753 2837 800 2865; x_wconf 93' lang='lat' dir='ltr'>se</span> <span class='ocrx_word' id='word_1_353' title='bbox 832 2827 1049 2864; x_wconf 88' lang='lat' dir='ltr'>dicentem</span> <span class='ocrx_word' id='word_1_354' title='bbox 1083 2825 1267 2873; x_wconf 83' lang='lat' dir='ltr'>inducit,</span> <span class='ocrx_word' id='word_1_355' title='bbox 1301 2823 1488 2862; x_wconf 87' lang='lat' dir='ltr'>facetius</span> <span class='ocrx_word' id='word_1_356' title='bbox 1519 2820 1676 2868; x_wconf 89' lang='lat' dir='ltr'>multo,</span> <span class='ocrx_word' id='word_1_357' title='bbox 1711 2828 1842 2866; x_wconf 86' lang='lat' dir='ltr'>quam</span> 
     </span>
     <span class='ocr_line' id='line_1_47' title="bbox 232 2894 1840 2952; baseline -0.006 -12"><span class='ocrx_word' id='word_1_358' title='bbox 232 2902 270 2940; x_wconf 92' lang='lat' dir='ltr'>si</span> <span class='ocrx_word' id='word_1_359' title='bbox 311 2902 438 2941; x_wconf 89' lang='lat' dir='ltr'>aliter</span> <span class='ocrx_word' id='word_1_360' title='bbox 468 2902 664 2948; x_wconf 85' lang='lat' dir='ltr'>fecisset,</span> <span class='ocrx_word' id='word_1_361' title='bbox 696 2904 926 2952; x_wconf 77' lang='grc' dir='ltr'><em>κακολογῶν</em></span> <span class='ocrx_word' id='word_1_362' title='bbox 960 2911 1104 2940; x_wconf 89' lang='lat' dir='ltr'>mores</span> <span class='ocrx_word' id='word_1_363' title='bbox 1134 2902 1385 2948; x_wconf 90' lang='lat' dir='ltr'>temporum</span> <span class='ocrx_word' id='word_1_364' title='bbox 1415 2899 1504 2936; x_wconf 88' lang='lat' dir='ltr'>iam</span> <span class='ocrx_word' id='word_1_365' title='bbox 1536 2899 1629 2934; x_wconf 89' lang='lat' dir='ltr'>tum</span> <span class='ocrx_word' id='word_1_366' title='bbox 1674 2894 1840 2932; x_wconf 86' lang='lat' dir='ltr'>vitiato·</span> 
     </span>
    </p>
   </div>
   <div class='ocr_carea' id='block_1_16' title="bbox 176 2970 1841 3025">
    <p class='ocr_par' dir='ltr' id='par_1_26' title="bbox 176 2970 1841 3025">
     <span class='ocr_line' id='line_1_48' title="bbox 176 2970 1841 3025; baseline -0.007 -8"><span class='ocrx_word' id='word_1_367' title='bbox 176 3024 179 3025; x_wconf 12' lang='lat'><em>⁷</em></span> <span class='ocrx_word' id='word_1_368' title='bbox 233 2987 332 3016; x_wconf 89' lang='lat' dir='ltr'>rum</span> <span class='ocrx_word' id='word_1_369' title='bbox 364 2987 439 3025; x_wconf 89' lang='lat' dir='ltr'>per</span> <span class='ocrx_word' id='word_1_370' title='bbox 467 2978 835 3025; x_wconf 88' lang='lat' dir='ltr'>assentationem,</span> <span class='ocrx_word' id='word_1_371' title='bbox 865 2976 978 3024; x_wconf 87' lang='lat' dir='ltr'>quod</span> <span class='ocrx_word' id='word_1_372' title='bbox 1005 2976 1094 3014; x_wconf 85' lang='lat' dir='ltr'>fere</span> <span class='ocrx_word' id='word_1_373' title='bbox 1120 2976 1164 3013; x_wconf 90' lang='lat' dir='ltr'>in</span> <span class='ocrx_word' id='word_1_374' title='bbox 1193 2975 1411 3023; x_wconf 88' lang='lat' dir='ltr'>plerisque</span> <span class='ocrx_word' id='word_1_375' title='bbox 1427 2971 1588 3010; x_wconf 87' lang='lat' dir='ltr'>fabulis</span> <span class='ocrx_word' id='word_1_376' title='bbox 1604 2970 1841 3016; x_wconf 85' lang='lat' dir='ltr'>monstrat,</span> 
     </span>
    </p>
   </div>
   <div class='ocr_carea' id='block_1_17' title="bbox 233 3043 1842 3099">
    <p class='ocr_par' dir='ltr' id='par_1_27' title="bbox 233 3043 1842 3099">
     <span class='ocr_line' id='line_1_49' title="bbox 233 3043 1842 3099; baseline -0.007 -8"><span class='ocrx_word' id='word_1_377' title='bbox 233 3053 280 3091; x_wconf 91' lang='lat' dir='ltr'>ut</span> <span class='ocrx_word' id='word_1_378' title='bbox 314 3052 450 3091; x_wconf 91' lang='lat' dir='ltr'>etiam</span> <span class='ocrx_word' id='word_1_379' title='bbox 482 3052 526 3090; x_wconf 89' lang='lat' dir='ltr'>in</span> <span class='ocrx_word' id='word_1_380' title='bbox 560 3053 725 3091; x_wconf 90' lang='lat' dir='ltr'>Andria</span> <span class='ocrx_word' id='word_1_381' title='bbox 757 3047 846 3099; x_wconf 85' lang='lat'>(67)</span> <span class='ocrx_word' id='word_1_382' title='bbox 880 3051 977 3090; x_wconf 91' lang='lat' dir='ltr'>‘hoc</span> <span class='ocrx_word' id='word_1_383' title='bbox 1008 3053 1206 3099; x_wconf 89' lang='lat' dir='ltr'>tempore</span> <span class='ocrx_word' id='word_1_384' title='bbox 1238 3047 1496 3096; x_wconf 89' lang='lat' dir='ltr'>obsequium</span> <span class='ocrx_word' id='word_1_385' title='bbox 1526 3044 1708 3092; x_wconf 62' lang='lat' dir='ltr'>amicos»,</span> <span class='ocrx_word' id='word_1_386' title='bbox 1738 3043 1842 3082; x_wconf 86' lang='lat' dir='ltr'>veri·</span> 
     </span>
    </p>
   </div>
  </div>
 </body>
</html>
