2242 3443
293 289 361 324 771

292 420 365 455 772

290 801 365 837 773

293 2283 367 2319 775

293 2511 368 2547 776

1137 167 1221 206 202

613 291 634 324 5
674 290 692 309 ³‘
729 299 920 325 INSIGNEM
962 291 1002 325 et
1041 289 1268 334 ‘insignem'
1308 293 1353 326 ut
1394 290 1508 326 miles
1545 291 1664 335 dix1t,
1702 291 1795 335 quia
1823 290 2058 336 insignia

557 352 762 379 armorum
794 345 904 379 sunt.

488 414 515 455 4
543 425 722 454 SIMALIO
750 417 794 454 et
823 417 903 454 hoc
922 416 1091 455 concite
1110 416 1499 465 pronuntiandum.
1518 419 1542 455 5
1561 426 1790 462 snoumrm
1809 416 2060 456 huiusmodi

437 491 597 530 militia
638 502 714 541 per
755 491 998 531 tumultum
1034 495 1212 541 repente
1245 493 1483 541 suscipitur
1516 494 1560 531 et
1591 493 1750 532 dicitur
1784 492 2057 542 evocatio,

437 568 508 606 ubi
551 568 638 606 dux
683 568 920 616 alloquitur
963 568 1080 607 cives
1113 568 1202 617 ‘qui
1236 568 1553 618 rempublicam
1587 568 1760 608 salvam
1793 568 1930 608 vultis
1961 578 2058 608 esse

437 644 711 691 sequimini’l
745 644 859 683 unde
892 644 1111 693 Vergilius
1142 645 1206 685 sic
1238 646 1299 684 ait
1333 645 1614 693 ‘desuetaque
1647 645 1760 684 bello
1793 655 1831 685 a.
1863 645 1907 684 in
1935 655 2061 685 arma

435 721 577 759 vocat’
610 722 654 759 et
688 720 790 759 alibi
825 720 930 769 ‘ipse
963 723 1092 760 vocat
1124 723 1310 770 pugnas’
1346 723 1472 774 (Aen.
1509 723 1546 760 7.
1582 722 1682 768 693,
1716 720 1834 773 613).

494 798 512 835 1
559 807 731 836 PRIMUM
769 808 908 836 Amnes
940 808 1205 837 EXPUGNABO
1241 798 1368 837 debet
1400 798 1470 836 hic
1503 807 1599 837 esse
1633 798 1886 837 vociferatio
1922 807 2057 846 vana;

438 873 490 912 ad
524 873 606 912 hoc
639 874 683 912 et
716 873 897 912 verbum
930 873 1087 912 militis
1120 884 1216 913 cum
1253 874 1442 922 quodam
1478 875 1601 913 motu
1634 874 1803 922 ingenti
1835 875 1878 913 et
1905 874 2059 913 imma·

435 959 513 989 nes
546 950 692 989 minae
726 949 820 988 sine
852 949 942 988 ulla
974 950 1018 988 vi
1051 959 1220 998 rerum;
1250 951 1274 988 2
1304 952 1348 990 et
1364 960 1479 990 vana
1497 951 1785 990 comminatio
1801 950 1914 990 velle
1930 950 2061 990 aedes

437 1036 708 1075 expugnare,
745 1037 844 1066 cum
878 1027 984 1066 foris
1017 1028 1076 1066 sit
1108 1028 1334 1066 meretrix.

493 1103 516 1141 2
561 1113 762 1143 PULCHRE
802 1106 1039 1153 postquam
1081 1114 1166 1143 non
1205 1104 1396 1143 obtinuit
1427 1104 1539 1152 quod
1573 1103 1747 1143 volebat
1781 1103 1955 1144 Gnatho
1988 1104 2058 1151 (cf.

438 1181 537 1219 771.
581 1182 637 1232 4),
681 1182 935 1220 assentatur
968 1181 1020 1220 ad
1055 1181 1217 1220 omnia.
1252 1180 1361 1220 Vide
1393 1182 1544 1220 autem
1578 1180 1864 1220 manifestam
1897 1181 2058 1220 irrisio·

436 1266 537 1295 nem
571 1267 627 1296 ex
659 1257 753 1306 ipso
787 1266 945 1305 genere
971 1257 1196 1296 laudandi:
1226 1267 1329 1296 nam
1358 1257 1460 1305 quid
1488 1258 1557 1296 est
1582 1258 1628 1296 in
1646 1257 1821 1296 aedium
1839 1266 2058 1306 expugna-

437 1333 557 1372 tione
590 1334 731 1372 recti‘?
763 1334 865 1382 quid
898 1334 942 1372 in
976 1334 1160 1382 virginis
1185 1334 1406 1382 ereptione
1440 1333 1705 1382 probitatis?
1731 1334 1835 1382 quid
1866 1333 1911 1373 in
1944 1333 2060 1373 male

439 1410 672 1449 mulcanda
705 1410 886 1450 muliere
918 1410 1289 1459 pulchritudinis?
1320 1410 1396 1449 sed
1428 1411 1510 1450 hoc
1535 1412 1602 1449 est
1635 1411 1747 1458 quod
1773 1420 1907 1458 supra
1933 1411 1985 1450 de
2012 1421 2060 1451 se

438 1487 531 1535 ipso
572 1487 794 1535 parasitus
825 1487 1042 1535 ‘quicquid
1075 1487 1181 1526 dicit
1212 1487 1356 1527 laudo’
1391 1490 1446 1528 (v.
1480 1488 1593 1528 251).
1628 1488 1652 1526 3
1685 1497 1731 1526 IN
1765 1498 1938 1527 immun
1969 1499 2059 1528 Huc

439 1573 594 1603 AGMEN
636 1574 670 1603 o.
714 1574 755 1602 v.
793 1574 833 1602 D.
869 1565 978 1602 mire
1012 1564 1260 1613 composita
1291 1564 1345 1602 ad
1376 1565 1682 1612 contemptum
1716 1565 1899 1604 nomina
1928 1562 2058 1614 legio-

437 1641 685 1687 nariorum;
715 1650 818 1679 nam
851 1639 1007 1679 Donax
1045 1640 1096 1679 ab
1129 1640 1342 1680 arundine
1374 1649 1556 1688 nornen,
1591 1639 1729 1679 veluti
1755 1641 1816 1680 sit
1841 1641 1988 1681 inanis
2017 1643 2062 1681 et

438 1716 626 1765 fragilis,
671 1716 853 1755 Simalio
891 1727 916 1755 a
957 1717 1088 1756 simio
1136 1716 1206 1756 vel
1240 1727 1263 1756 a
1297 1716 1429 1756 simia
1461 1716 1711 1755 derivatum
1744 1718 1812 1756 est
1843 1716 1896 1756 ob
1928 1717 2059 1757 foedi-

439 1795 577 1832 tatem
621 1793 710 1832 oris
742 1792 811 1832 vel
845 1793 961 1842 nasi,
997 1793 1202 1841 Syriscus
1234 1793 1320 1832 iam
1358 1793 1684 1832 deminutivum
1719 1795 1788 1833 est
1819 1804 1845 1833 a
1877 1793 2000 1842 Syro.
2033 1795 2060 1833 4

437 1879 483 1907 m
515 1879 690 1908 MEDIUM
722 1880 810 1909 Huc
843 1869 1024 1909 ridicule
1057 1870 1168 1908 satis
1201 1871 1454 1908 armaturas
1483 1870 1604 1909 leves
1636 1880 1723 1910 non
1754 1862 1883 1920 putat
1913 1870 2060 1910 adver-

438 1956 515 1985 sus
547 1946 760 1985 Thaidem
794 1946 976 1985 idoneas
1009 1948 1053 1986 et
1084 1946 1181 1985 ideo
1213 1955 1409 1995 agmen
1444 1956 1562 1985 cum
1595 1945 1750 1984 vecti
1782 1944 1879 1984 vult
1911 1945 2060 1984 venire

439 2022 483 2061 in
517 2023 727 2062 medium.

614 2098 631 2132 1
662 2097 820 2132 *MALE
848 2107 1035 2134 MULCABo
1064 2107 1185 2133 IPSAM
1215 2097 1304 2133 vide
1332 2097 1514 2134 ordinem
1543 2097 1652 2133 belli:
1682 2096 1933 2142 expugnatio
1957 2105 2061 2133 moe·

556 2152 686 2195 nium,
714 2152 962 2197 recuperatio
990 2153 1200 2196 captarum
1226 2161 1382 2197 rerum,
1408 2161 1537 2196 poena
1561 2152 1824 2197 praedonum.
1850 2153 1873 2187 4
1894 2151 1957 2186 An
1971 2150 2059 2187 ideo

558 2206 661 2242 ‘cum
691 2205 807 2242 vecti’
837 2206 929 2250 quia
957 2207 1006 2242 ad
1034 2206 1383 2251 expugnationem
1411 2206 1574 2242 venitur
1602 2206 1793 2242 aedium?

492 2288 548 2316 'rU
580 2288 759 2317 summo
787 2288 833 2317 IN
861 2289 1096 2317 simsrRUM
1128 2289 1184 2317 TU
1217 2288 1395 2317 stscn
1427 2288 1473 2316 IN
1503 2287 1712 2317 DEXTRUM
1739 2287 1776 2317 c.
1804 2277 1873 2316 hic
1901 2285 2059 2325 agmen

437 2353 696 2402 instruitur;
740 2355 933 2394 facetum
976 2356 1127 2394 autem
1169 2357 1254 2403 est,
1300 2364 1400 2394 cum
1434 2364 1459 2393 a
1491 2341 1622 2393 rebus
1655 2353 1830 2402 magnis
1861 2362 1932 2392 res
1962 2352 2058 2391 ridi·

441 2430 565 2469 culae
598 2430 868 2470 derivantur.

493 2507 516 2544 2
560 2516 708 2546 SANGA
750 2517 830 2546 nec
871 2507 1129 2557 Sangarius,
1173 2507 1332 2547 saltem
1369 2509 1417 2546 ut
1450 2516 1612 2545 nomen
1645 2507 1778 2546 esset.
1812 2505 1837 2544 3
1869 2514 2057 2544 MANIPU-

439 2592 519 2621 Lus
544 2593 696 2622 FURUM
724 2584 894 2632 proprie
924 2583 1206 2633 ‘manipulus'
1234 2583 1402 2623 milites
1429 2584 1606 2622 centum
1632 2581 1820 2621 Romani
1847 2584 1890 2628 et
1915 2579 2058 2620 Latini

440 2658 519 2697 sub
538 2669 622 2698 uno
640 2660 912 2708 centurione,
932 2669 988 2698 ex
1014 2670 1059 2699 m
1073 2670 1136 2698 an
1150 2660 1200 2708 ip
1214 2659 1304 2698 ulo
1326 2658 1506 2706 herbae,
1524 2668 1656 2706 quem
1673 2668 1750 2707 pro
1767 2657 1893 2706 signo
1910 2665 2056 2704 seque·

440 2734 622 2782 bantur;
657 2736 816 2774 merito
848 2735 984 2784 igitur
1016 2735 1317 2774 centurionem
1352 2734 1506 2773 videns
1537 2733 1815 2782 manipulum
1847 2732 2061 2771 desidera-

442 2811 518 2849 vit.
551 2811 605 2853 (α)
641 2811 667 2849 4
700 2821 844 2850 Eccum
875 2821 1013 2850 Annsr
1045 2821 1121 2860 pro
1153 2820 1200 2850 se
1233 2820 1284 2849 ac
1314 2820 1392 2858 pro
1425 2809 1653 2858 discipulis
1684 2808 1841 2856 Sanga.

617 2887 634 2920 l
676 2883 697 2905 *
731 2895 830 2921 cuno
860 2895 974 2921 Amos
1000 2895 1082 2921 non
1111 2884 1313 2929 ‘reliquos'
1344 2883 1414 2920 sed
1445 2883 1586 2928 ‘alios',
1616 2883 1732 2928 quasi
1760 2881 1880 2918 multi
1906 2880 2003 2917 sint.
2032 2879 2055 2915 3

557 2949 581 2974 a
616 2939 692 2975 hoc
729 2941 794 2975 est
829 2949 968 2975 cocum
1008 2939 1148 2975 videns
1182 2938 1372 2975 convivas
1402 2937 1661 2982 desideravit,
1691 2936 1759 2981 qui
1786 2934 2058 2980 apparuerant

561 2993 749 3036 quotiens
788 3003 905 3029 cocus
936 2992 1067 3037 affuit,
1091 2993 1128 3028 id
1153 2995 1218 3029 est
1241 2991 1469 3029 convivium
1493 2992 1741 3027 instructum
1765 2991 1849 3035 est;
1874 2988 1940 3025 alii
1965 2989 2055 3024 ‘ma-

562 3046 722 3091 nipulos
751 3047 897 3083 furum’
929 3047 1010 3084 coci
1037 3046 1257 3092 discipulos
1284 3048 1431 3092 putant
1458 3046 1544 3082 dici.

2204 1377 2211 1507 ᾼ-,γ--ι-Αᾼ
2207 1340 2210 1357 ,.
2206 1163 2214 1321 Ἲ,ν,-»,-,

2218 1446 2220 1451 .
2227 1318 2229 1325 ν
2227 1255 2229 1258 -
2218 1147 2229 1189 q:
