2242 3443
1189 203 1242 240 56

314 334 390 370 408
519 331 535 366 1
583 339 670 373 Qu».
715 338 927 366 omri-:MT
960 338 1012 366 ΤΕ
1047 324 1248 366 ‘differat’
1283 327 1502 366 disturbet
1535 329 1578 365 et
1609 326 1652 364 in
1686 326 1910 365 diversum
1943 325 2080 380 ferat:

463 405 683 454 Vergilius
726 405 869 453 ‘atque
911 404 1031 444 arida
1073 405 1111 443 d.
1155 406 1213 443 n.’
1254 404 1342 449 (Ge.
1373 405 1411 443 3.
1451 403 1560 452 197),
1592 403 1617 441 2
1651 404 1704 443 (α)
1737 403 1818 441 hoc
1850 404 1920 442 est
1944 402 1988 440 in
2021 402 2081 440 di-

451 492 627 521 versum
655 483 786 531 rapit,
814 482 1009 531 dissipat.
1038 483 1062 521 3
1092 491 1218 521 PROIN
1248 492 1304 521 TU
1321 492 1402 520 uc
1420 491 1538 520 APUD
1556 490 1607 518 TE
1626 489 1716 518 suis
1733 489 1818 518 non
1836 488 1891 518 ne
1923 478 2082 518 timeat

461 560 586 597 cavet
620 557 783 606 Davus,
814 558 889 597 sed
923 569 976 597 ne
1009 568 1158 597 amore
1190 568 1215 596 a
1247 557 1428 597 consilio
1461 566 1539 595 suo
1567 555 1785 594 alienetur
1810 554 2079 604 Pamphilus.

462 636 487 672 4
521 644 639 673 APUD
671 645 722 672 TE
749 644 838 673 sms
866 645 942 683 pro
970 637 1203 683 paratus
1235 635 1334 682 sis,
1363 633 1431 672 cui
1459 631 1729 672 contrarium
1757 632 1825 670 est
1851 630 1952 670 ‘non
1979 640 2077 671 sum

458 710 571 759 apud
605 711 688 749 me'
718 710 890 750 (Heaut.
927 708 1026 749 621.
1063 711 1168 750 Pho.
1202 710 1316 755 204).

634 786 654 820 2
686 796 708 819 a
738 787 778 820 et
803 786 840 820 in
870 784 1062 830 Adelphis
1093 785 1297 821 ‘miseram
1327 794 1403 827 me,
1435 782 1594 819 differor
1623 782 1839 818 doloribus’
1864 782 1917 828 (v.
1946 778 2054 832 468).

310 860 387 898 409
514 859 533 896 1
569 867 685 896 mono
718 867 773 896 UT
808 868 961 896 Possm
994 868 1111 896 DAVE
1142 856 1218 896 ‘ut'
1252 867 1306 896 ne
1339 866 1440 896 non.

631 933 653 967 2
684 941 791 968 mono
821 942 860 968 U.
890 942 924 968 P.
955 942 978 968 a
1010 932 1207 976 possibili.
1239 932 1260 968 3
1291 941 1433 968 Possm
1460 931 1567 976 apud
1597 940 1661 967 me
1692 939 1796 966 esse.

311 1007 388 1043 410
512 1004 536 1042 2
569 1014 791 1050 NUMQUAM
823 1004 920 1052 plus
948 1004 1292 1044 asseverationis
1320 1004 1450 1043 habet
1478 1015 1609 1053 quam
1640 1005 1769 1054 ‘non'‚
1798 1007 1847 1043 ut
1863 1003 2081 1052 Vergilius

459 1079 716 1128 ‘numquam
757 1091 912 1120 omnes
945 1081 1070 1120 hodie
1103 1091 1161 1121 m.
1196 1081 1239 1120 i.’
1273 1082 1394 1121 (Aen.
1429 1082 1468 1120 2.
1503 1077 1622 1126 670).
1656 1083 1681 1121 4
1713 1090 2079 1121 COMMUTATURUM

457 1155 799 1195 altercaturum:
833 1157 876 1195 in
909 1157 1173 1196 Phormione
1200 1160 1255 1201 (v.
1287 1157 1387 1202 642>
1414 1158 1479 1196 sic
1509 1158 1607 1196 ‘tria
1634 1168 1721 1197 non
1750 1156 2080 1197 commutabit-is

459 1231 592 1270 verba
623 1232 879 1272 hodieinter
897 1232 1135 1281 vos’,quod
1154 1234 1221 1272 est
1249 1232 1462 1271 dabitis
1489 1235 1655 1282 atque
1683 1233 2004 1283 accipietis.
2024 1234 2079 1278 (α)

630 1308 646 1342 l
689 1317 889 1350 NUMQUAM
928 1318 967 1343 H.
1006 1317 1040 1343 T.
1083 1308 1131 1343 ab
1169 1307 1258 1344 utili
1295 1309 1458 1344 eventu.
1493 1309 1515 1344 3
1555 1318 1894 1345 commurmurant
1922 1309 2079 1353 patrem

574 1361 750 1405 iurgium
776 1362 1029 1406 habiturum,
1060 1362 1133 1398 hoc
1161 1363 1226 1399 est
1254 1362 1362 1398 enim
1395 1363 1529 1400 ‘verba
1556 1362 1834 1400 commutare’.
1861 1365 1884 1398 4
1907 1372 1932 1397 a
1955 1361 1992 1397 id
2017 1364 2081 1398 est

577 1415 803 1459 iurgabitis.
845 1417 867 1451 5
907 1415 928 1440 ’2‘
966 1416 1050 1460 Ego
1088 1418 1188 1461 puto
1227 1415 1502 1454 ‘commutare'
1536 1418 1669 1454 verba’
1701 1427 1793 1454 esse
1822 1425 1911 1462 pro
1939 1416 2079 1453 bonis

577 1469 734 1506 dictis
761 1471 894 1506 mala
919 1471 1175 1515 ingerere,
1202 1470 1276 1508 hoc
1296 1473 1360 1508 est
1375 1472 1580 1509 iracundia
1593 1473 1633 1509 in
1650 1472 1863 1509 maledicta
1881 1469 2079 1517 compelli.

1167 1588 1192 1625 5

307 1687 384 1724 412
511 1686 531 1723 1
577 1695 686 1724 ERUS
724 1696 783 1725 ME
821 1696 1016 1725 immons
1049 1696 1187 1726 REBUS
1220 1698 1247 1726 1.
1283 1698 1321 1727 P.
1356 1698 1400 1727 H.
1436 1699 1473 1728 o.
1508 1689 1606 1728 vide
1638 1699 1771 1738 quam
1810 1689 1941 1737 mire,
1977 1697 2078 1727 cum

451 1770 605 1800 omnes
636 1762 838 1801 consulto
872 1763 1055 1802 consilio
1087 1763 1170 1802 sibi
1201 1773 1330 1812 agere
1363 1765 1615 1806 videantur,
1649 1775 1804 1805 omnes
1834 1766 1986 1804 tamen
2017 1773 2079 1802 re-

454 1846 552 1875 rum
580 1837 702 1876 exitu
730 1838 958 1887 inopinato
987 1837 1279 1888 ludificentur,
1309 1842 1353 1879 et
1381 1841 1500 1879 Simo
1529 1843 1572 1880 et
1590 1841 1913 1890 Pamphiluset
1927 1840 2079 1879 Davus

458 1914 501 1951 et
530 1912 744 1952 Charinus
772 1915 815 1952 et
841 1914 936 1962 ipse
963 1914 1130 1963 Byrria.
1161 1916 1184 1953 2
1212 1926 1323 1955 ERUS
1349 1927 1409 1955 ME
1435 1927 1475 1956 R.
1503 1927 1542 1956 R.
1571 1917 1624 1956 ad
1645 1918 1729 1957 hoc
1756 1917 1877 1956 venit
1903 1916 2078 1965 Byrria,

454 1990 503 2027 ut
531 1989 575 2027 in
608 1999 800 2028 errorem
844 1990 1032 2029 concitet
1064 1990 1318 2031 Charinum.
1348 1994 1372 2032 3
1406 1992 1460 2031 Et
1489 1994 1533 2031 in
1567 1993 1649 2032 hac
1680 2003 1841 2033 scaena
1872 1993 2080 2041 quattuor

453 2074 664 2113 personae
690 2066 785 2104 sine
810 2065 1112 2115 implicatione
1137 2068 1388 2108 intellectus
1413 2069 1630 2109 locuntur.
1671 2071 1696 2109 6
1728 2079 1839 2109 nnus
1870 2079 1932 2108 ME
1963 2078 2004 2108 R.
2037 2078 2078 2108 R.

454 2140 560 2179 adeo
594 2141 846 2190 praeposuit
877 2142 958 2181 hoc
990 2144 1159 2191 negotii
1191 2145 1398 2184 omnibus
1430 2146 1575 2185 rebus.

627 2216 648 2250 4
691 2213 714 2235 *
752 2225 855 2251 nnus
887 2226 942 2252 ME
970 2226 1008 2251 R.
1038 2227 1074 2252 R.
1106 2216 1399 2262 imponitur
1428 2229 1610 2255 manus
1640 2220 1779 2265 rebus,
1807 2229 1898 2256 cum
1929 2219 2078 2264 perfici-

571 2270 638 2304 tur
665 2270 702 2304 id
731 2270 835 2313 quod
865 2270 1059 2315 coeperit,
1085 2273 1130 2307 ut
1155 2272 1356 2316 Vergilius
1383 2273 1566 2318 ‘imponit
1590 2275 1732 2319 regina
1754 2273 1934 2310 manum'
1960 2275 2077 2316 (Aen.

575 2323 608 2358 7.
641 2324 752 2367 573„
784 2323 1156 2368 relinquuntur
1180 2336 1273 2363 vero
1297 2337 1380 2372 reS,
1397 2338 1489 2364 cum
1503 2329 1759 2374 imper-fectae
1773 2328 2076 2373 relinquuntur,

575 2378 619 2412 ut
656 2377 860 2422 Vergilius
893 2378 1028 2423 ‘atque
1057 2388 1177 2423 opere
1205 2381 1245 2417 in
1275 2382 1406 2418 medio
1437 2382 1568 2419 defixa
1597 2383 1789 2427 relinquit
1812 2383 1961 2419 aratra’
1991 2382 2075 2424 (Ge.

573 2429 608 2465 3.
636 2430 743 2478 519).
773 2433 794 2467 5
818 2441 1059 2468 mmmmm
1083 2443 1208 2470 nomn
1234 2445 1468 2472 OBSERVARE
1493 2437 1796 2474 observatio
1821 2436 1969 2482 duplex
1989 2438 2074 2473 est:

571 2484 633 2520 vel
663 2485 905 2530 captationis
935 2487 997 2523 vel
1025 2487 1218 2532 obsequii.

304 2551 382 2588 414
503 2565 549 2594 Η)
591 2566 843 2597 ΡΒοΡΤΕΒΕΑ
884 2568 1002 2598 NUNC
1034 2569 1154 2599 HUNC
1188 2571 1228 2600 v.
1266 2572 1301 2600 s.
1335 2572 1514 2602 necesse
1543 2564 1612 2602 est
1645 2564 1722 2601 aut
1755 2562 1943 2602 alterum
1976 2571 2075 2602 esse

463 2642 788 2680 supervacuum
823 2637 901 2673 aut
931 2634 1189 2684 ‘propterea’
1223 2640 1451 2686 propter
1481 2638 1798 2687 accipiendum.

303 2714 380 2751 415
503 2719 587 2748 Hoc
629 2718 758 2748 AGAM
794 2709 838 2747 in
872 2712 1001 2758 gestu
1034 2713 1120 2760 est,
1140 2722 1244 2751 nam
1277 2715 1346 2752 est
1377 2712 1518 2762 figura
1549 2714 1746 2764 corporis
1778 2713 2076 2764 observantis,

456 2785 557 2834 quid
596 2786 767 2834 agatur.

302 2866 380 2902 416
502 2870 742 2906 UTRUMQUE
772 2871 937 2902 Anssssn
970 2873 1098 2902 vmno
1133 2865 1175 2902 et
1207 2864 1379 2903 Davum
1413 2867 1457 2904 et
1490 2865 1785 2914 Pamphilum.

303 2942 377 2979 417
505 2939 529 2976 2
571 2937 632 2976 Ut
674 2935 882 2986 ‘respexit
925 2938 979 2976 ad
1015 2938 1185 2978 urbem’
1217 2940 1341 2985 (Aen.
1379 2941 1446 2979 12.
1466 2941 1581 2985 671).
1617 2942 1641 2979 3
1675 2951 1806 2986 QUAsr
1835 2953 1890 2981 DE
1922 2952 2073 2982 mPRo-

450 3024 544 3052 viso
576 3022 752 3052 RESPICE
784 3023 843 3051 An
870 3023 960 3052 EUM
987 3014 1158 3054 scilicet
1186 3026 1240 3054 ne
1268 3016 1481 3055 meditata
1503 3027 1603 3056 eum
1618 3017 1849 3067 intellegat
1864 3018 2073 3058 habuisse

452 3088 650 3128 consilia.

2224 833 2242 850 μ

2224 870 2231 876 η
2238 860 2242 871 Ι

2211 924 2242 966 εξ

2214 1007 2223 1049 ἐ

2232 1117 2239 1125 .

2215 1141 2237 1167 τ’.
