2242 3443
343 227 536 256 Pnossmuo
1189 220 1274 260 276

342 346 416 383 387

341 423 418 458 388

343 575 421 610 390

346 1423 423 1460 393

345 1902 421 1939 396

357 2874 434 2909 398

548 354 700 383 sumes
736 357 937 394 suggere.

549 430 635 458 Nor<
684 432 779 460 mco
822 432 951 467 QUASI
995 433 1080 460 NON
1125 432 1248 460 Nostis
1291 434 1327 461 T.
1373 434 1443 462 AD.
1489 423 1614 471 mire,
1658 433 1762 462 narn
1806 423 1978 462 videtur
2011 425 2104 462 arte

494 495 650 543 celare,
683 499 796 546 quod
830 499 996 537 invitus
1030 499 1271 538 nesciebat.

548 582 824 613 STILPHONEM
884 585 1055 620 INQUAM
1113 586 1253 616 NORAS
1311 574 1451 624 figura
1497 574 1797 626 ἐπιτροχασμός,
1843 577 1914 616 est
1960 576 2110 616 autem

491 645 777 700 ἐπιτροχασμός
807 651 1038 691 verborum
1068 662 1199 701 super
1227 662 1274 690 se
1303 652 1493 691 invicem
1521 652 1676 691 effusio
1706 652 1774 691 vel
1801 651 2114 710 supermersio,

492 734 603 772 quae
630 724 679 764 fit
706 727 947 766 adversarii
974 738 1107 767 causa
1133 728 1352 776 turbandi,
1381 729 1443 767 sic
1470 727 1618 767 Cicero
1637 727 1778 773 (Catil.
1802 729 1838 766 1.
1858 728 1915 769 8.)
1933 726 2115 775 ‘<num

492 811 652 850 negare
694 803 861 842 audes?
902 804 1004 853 quid
1047 806 1263 854 taces?>
1306 805 1582 854 convincam,
1626 805 1663 843 si
1697 806 1861 853 negas'‚
1897 802 2119 852 Vergilius

491 877 616 922 (Aen.
642 881 706 918 11.
728 877 830 930 387)
873 879 972 920 ‘non
1015 880 1142 929 longe
1185 882 1356 920 scilicet
1399 881 1550 920 hostes
1581 881 1819 930 quaerendi
1852 880 2002 919 nobis:
2035 879 2116 918 cir-

493 957 719 994 cumstant
751 956 941 1004 undique
974 966 1149 1004 muros;
1184 957 1304 996 imus
1335 958 1378 996 in
1413 957 1510 996 adv.
1545 957 1646 1005 quid
1680 957 1839 996 cess.‘?'

1215 1044 1250 1083 B

552 1130 734 1158 smnpno
776 1131 851 1159 ss‘r
885 1120 1113 1171 σύλλημψις
1148 1120 1304 1170 prima,
1337 1130 1442 1159 nam
1475 1120 1618 1159 reddit
1637 1116 1667 1173 ¹)
1699 1120 1752 1159 ad
1785 1119 2112 1159 nominativum

492 1194 589 1234 ‘est’
639 1196 789 1245 utique
839 1197 1078 1246 Stilpho,
1129 1199 1171 1235 et
1221 1207 1399 1236 rursum
1447 1197 1500 1236 ad
1549 1197 1853 1236 accusativum
1899 1196 2115 1234 ‘noveras’

495 1271 861 1322 Stilphonem
895 1274 1083 1314 scilicet.

1214 1346 1249 1384 Α

553 1431 609 1458 AT
643 1430 681 1459 SI
713 1431 950 1460 TALENTUM
983 1431 1072 1460 REM
1105 1431 1199 1460 Rei..
1234 1418 1468 1468 ἀξιόπιστον
1503 1420 1608 1459 illud
1641 1420 1759 1460 fecit.

1218 1507 1254 1547 B

551 1593 606 1621 AT
655 1593 693 1621 si
741 1594 977 1622 TALENTUM
1026 1594 1113 1622 REM
1161 1593 1439 1629 Remomssm
1484 1593 1605 1622 more
1647 1582 1963 1631 Romanorum,
2004 1581 2116 1631 apud

493 1669 602 1707 quos
648 1660 870 1699 hereditas
913 1660 1124 1709 pecuniae
1167 1662 1274 1709 erat,
1320 1660 1569 1699 ‘talentum’
1612 1660 1761 1698 autem
1795 1658 1907 1707 quod
1941 1658 2117 1706 dixerit,

496 1745 619 1774 more
652 1735 918 1776 Graecorum
952 1736 1206 1776 admiscuit.

1216 1824 1255 1864 A

552 1899 576 1937 2
625 1898 678 1938 Et
719 1898 818 1938 vide
858 1909 1012 1939 senem
1056 1900 1106 1939 de
1139 1900 1300 1938 iniuria
1331 1909 1417 1939 non
1449 1909 1592 1948 agere,
1625 1899 1729 1947 quia
1761 1899 1907 1938 iustae
1938 1896 2119 1939 confidit

493 1977 537 2014 et
578 1975 734 2014 nititur
776 1985 950 2025 causae,
993 1975 1253 2025 plerumque
1294 1976 1411 2015 enim
1455 1977 1537 2014 hac
1578 1975 1829 2015 constantia
1870 1974 2008 2013 animi
2040 1973 2116 2013 ful-

497 2051 686 2101 ciuntur,
731 2052 803 2099 qui
846 2052 929 2091 iuri
971 2051 1207 2102 confidunt,
1252 2055 1298 2091 at
1332 2055 1487 2091 contra
1518 2052 1591 2100 qui
1624 2051 1745 2090 nullo
1779 2051 1873 2090 iure
1900 2050 2003 2090 freti
2036 2050 2117 2089 liti-

496 2132 617 2176 gant,
661 2128 713 2167 ad
756 2128 939 2167 iniurias
976 2128 1223 2178 prosiliunt,
1259 2131 1307 2168 ut
1339 2129 1408 2167 his
1440 2129 1598 2168 saltem
1633 2127 1891 2177 perturbent
1920 2128 2119 2167 adversa-

498 2204 627 2252 rium,
671 2205 773 2253 quia
814 2206 908 2244 iure
951 2215 1036 2244 non
1072 2205 1243 2245 valent:
1279 2206 1477 2245 condono
1507 2206 1654 2254 igitur,
1689 2204 1845 2253 inquit,
1879 2203 1960 2243 tibi
1990 2188 2121 2243 omne

499 2281 794 2320 contumeliae
835 2292 987 2330 genuS.
1023 2283 1048 2320 3
1081 2292 1163 2321 seo
1196 2293 1286 2321 TUM
1321 2293 1410 2321 cum
1442 2292 1720 2321 Anvssmssnm
1754 2281 1879 2320 deest
1911 2279 1978 2319 ‘ad
2012 2279 2116 2318 iudi·

500 2357 646 2407 cium’,
685 2360 732 2397 ut
764 2359 844 2397 sit:
879 2369 978 2398 cum
1013 2359 1067 2398 ad
1099 2360 1309 2399 iudicium
1343 2360 1583 2399 venissem.
1617 2360 1642 2397 4
1677 2368 1750 2404 Qui
1783 2368 1884 2396 mm
1917 2365 2115 2396 cOGNATA

504 2433 605 2481 ‘qui'
641 2434 768 2484 unde,
803 2434 1020 2483 quomodo
1053 2438 1124 2480 (=
1144 2436 1258 2481 381).

676 2508 694 2544 1
736 2518 800 2544 ITA
844 2519 896 2545 UT
940 2519 1042 2545 n1c1s
1083 2521 1156 2546 EGO
1200 2521 1282 2547 TUM
1322 2521 1402 2547 CUM
1443 2521 1508 2546 AD.
1542 2510 1600 2546 ita
1628 2519 1733 2555 sum,
1762 2508 1906 2555 inquit,
1934 2509 1980 2544 ut
2009 2505 2117 2553 dicis,

620 2572 768 2599 avarus
797 2565 838 2599 et
865 2564 1080 2608 superbus.

1219 2631 1255 2671 B
2237 2643 2239 2670 1

566 2715 638 2750 QUI
671 2715 770 2745 MIHI
804 2715 838 2744 C.
871 2709 1002 2756 σχῆμα
1034 2705 1228 2753 διανοίας·
1260 2705 1521 2758 συγχώρησις.
2237 2672 2239 2692 Ι

1224 2794 1263 2834 A

565 2869 586 2906 1
621 2878 735 2906 Heus
767 2878 931 2907 uosrmz
962 2878 1095 2907 ascri:
1127 2868 1236 2908 Geta
1263 2869 1325 2909 sic
1352 2869 1505 2908 laudat
1530 2878 1696 2916 senem,
1725 2870 1774 2906 ut
1800 2869 1922 2918 optet
1946 2866 2118 2905 vincere

506 2942 829 2983 Phormionem.
874 2945 898 2982 2
942 2955 1055 2983 Heus
1088 2955 1252 2984 Nosrnn
1283 2956 1416 2984 neom:
1447 2945 1616 2994 plaudit
1646 2944 1729 2983 sibi
1760 2943 1992 2983 Terentius
2022 2951 2116 2989 sup-

505 3020 652 3068 posita
682 3029 884 3069 persona,
916 3020 1043 3068 quasi
1075 3022 1193 3060 recte
1225 3021 1428 3062 dixisset.

405 3123 429 3165 ¹)
457 3123 509 3157 Cf.
537 3122 688 3158 Wessn.
716 3135 788 3158 var.
816 3123 898 3159 leet.
926 3123 1017 3158 Edd.
1044 3124 1143 3168 vulg.
1169 3125 1300 3159 ‘rediifi
