2242 3443
959 191 1042 228 325

224 312 404 348 iunctum
451 312 539 357 fuit,
583 313 737 357 opinor,
779 314 814 348 4.
858 314 1016 349 Scholia
1061 314 1079 349 1
1124 315 1147 351 3
1188 316 1210 351 5
1254 317 1607 359 grammaticorum
1652 319 1876 355 tentamina

223 376 533 418 repraesentant
563 374 609 408 ad
639 373 920 417 explicandum
952 384 1166 411 numerum
1198 377 1405 421 pluralem,
1433 378 1546 413 irrita
1576 380 1721 415 omnia.

121 435 196 472 487
282 437 330 471 ad
361 438 435 471 An.
467 435 556 473 331.
586 436 659 470 Ad.
690 435 779 472 201.

117 496 194 533 492
276 497 300 533 2
328 507 453 533 sensu
483 507 562 533 non
593 496 723 532 differt
753 507 775 532 a
804 497 902 533 Don.
937 499 968 541 1,
999 499 1068 534 sed
1098 499 1249 535 formae
1279 500 1480 544 elegantia
1508 504 1548 537 et
1573 504 1878 547 perspicuitate;

225 558 312 595 357.
343 559 378 595 2.
407 560 444 595 4.
532 559 555 595 3
582 558 684 594 rhet.

116 618 195 655 494
277 620 324 656 cf.
354 622 431 656 An.
460 621 550 657 418.
579 620 674 655 Hec.
707 619 796 656 593.
831 621 863 655 1.
949 631 972 656 a
1001 622 1159 656 notavit
1189 621 1350 658 Wessn.

116 679 192 717 497
275 681 299 717 2
328 683 368 718 et
396 681 473 718 502
502 682 525 717 2
554 681 644 716 vide
674 681 794 725 Eugr.
826 683 874 716 ad
905 681 942 717 h.
961 682 984 717 Ι.

117 741 196 778 500
276 742 301 779 2
331 742 431 778 Eun.
461 742 549 779 626.
584 743 617 787 1,
647 743 735 779 797.
767 742 801 778 3.
886 743 910 778 2
937 753 960 777 α
990 744 1147 778 notavit
1178 744 1338 780 Wessn.

116 804 194 840 502
276 804 299 841 3
337 805 383 841 cf.
424 805 524 840 Eun.
563 805 651 841 796.
690 805 726 840 2.
809 806 832 840 4
873 815 1000 840 sensu
1030 815 1109 840 non
1141 805 1270 841 differt
1299 807 1347 841 ab
1376 806 1423 841 iis
1453 817 1555 850 quae
1584 809 1682 844 Don.
1712 810 1810 845 dixit
1840 810 1878 844 in

226 866 244 902 1
284 868 324 902 et
362 866 399 903 3.
438 866 623 902 Ceterum
663 866 783 902 etiam
823 866 860 901 in
901 866 924 902 3
964 869 1213 910 postremam
1253 869 1501 903 sententiam
1541 870 1593 905 ‘et
1632 871 1750 906 simul
1782 873 1880 914 sqq!

224 929 457 973 suspectam
497 928 637 972 habeo,
677 928 852 964 otiosam
891 930 985 972 post
1018 929 1347 972 praecedentem:
1384 930 1478 965 ‘eat
1508 932 1615 966 vero'
1646 933 1727 976 etc;
1758 933 1878 968 etiam

224 988 282 1025 ‘et
313 989 480 1025 simul'
511 992 551 1026 et
581 990 755 1034 ‘quasi’
786 989 1063 1034 suspicionem
1093 991 1266 1034 augent;
1298 991 1384 1026 vide
1412 992 1459 1027 ad
1492 991 1577 1028 137.

116 1050 193 1087 503
276 1050 299 1086 3
329 1060 353 1085 α
376 1051 465 1087 vide
495 1051 615 1096 praef.
645 1052 692 1086 de
717 1051 840 1087 schol.
872 1051 1069 1086 similibus
1099 1052 1147 1087 ad
1176 1051 1269 1087 Hec.

116 1112 190 1148 507
278 1111 297 1147 1
327 1123 351 1147 a
380 1113 537 1148 notavit
568 1112 730 1148 Wessn.
813 1113 890 1148 513
923 1112 945 1149 3
975 1112 1045 1147 Ph.
1080 1113 1166 1149 197.
1197 1112 1233 1149 2.
1320 1114 1396 1150 515
1425 1114 1449 1150 2
1479 1115 1538 1149 Ad
1569 1115 1657 1152 510.

115 1174 190 1211 517
276 1176 295 1211 1
332 1175 473 1210 verba:
505 1175 612 1211 ‘nam
642 1174 734 1210 vox'
764 1184 847 1218 sqq.
878 1175 999 1210 nimis
1028 1174 1150 1210 libere
1179 1176 1346 1211 tradunt
1374 1177 1477 1219 quod
1508 1176 1634 1212 Varro
1663 1179 1767 1221 apud
1793 1177 1879 1213 Gel-

221 1237 319 1273 lium
362 1237 422 1274 16.
465 1237 510 1274 17
551 1238 686 1273 docet:
723 1264 731 1272 .
752 1265 758 1271 .
777 1265 784 1272 .
803 1237 931 1281 ‘pueri
967 1246 1057 1272 eam
1086 1236 1257 1281 primam
1287 1246 1425 1273 vocem
1456 1239 1593 1281 edunt,
1623 1248 1724 1282 quae
1753 1239 1880 1283 prima

219 1299 260 1334 in
299 1298 494 1335 Vaticano
534 1299 688 1344 syllaba
724 1300 787 1334 est
824 1298 1049 1342 idcircoque
1086 1298 1263 1342 vagire
1297 1299 1451 1344 dicitur,
1477 1301 1729 1344 exprimente
1759 1302 1879 1336 verbo

222 1370 370 1397 sonum
417 1361 526 1397 vocis
576 1361 777 1396 recentis'.
817 1360 965 1404 Figura
1001 1360 1403 1404 onomatopoeia
1441 1360 1531 1396 alibi
1569 1361 1607 1396 in
1651 1364 1879 1398 commento

224 1432 303 1458 non
342 1424 697 1458 commemoratur.
736 1422 898 1458 Wessn.
937 1423 976 1457 in
1016 1431 1106 1467 app.
1136 1431 1230 1457 vere
1258 1422 1468 1458 adnotavit
1497 1422 1596 1458 haec
1624 1424 1700 1459 duo
1731 1423 1881 1459 scholia

223 1494 275 1520 ex
312 1493 392 1520 uno
430 1486 661 1520 commento
700 1483 871 1519 derivari
909 1493 990 1520 non
1025 1493 1159 1528 posse.
1189 1483 1318 1527 Igitur
1347 1483 1371 1519 2
1401 1484 1555 1520 Donato
1584 1485 1878 1529 adsignandum

221 1548 298 1582 est.
384 1546 407 1582 3
437 1546 483 1582 cf.
516 1546 613 1582 Eun.
645 1546 735 1582 454.
768 1546 802 1582 2.

118 1608 194 1644 518
279 1607 299 1643 1
330 1607 376 1646 cf.
407 1607 494 1644 365.
528 1608 562 1644 1.
644 1607 668 1644 2
698 1609 744 1646 cl.
775 1608 863 1644 554.
896 1607 930 1644 2.
1016 1607 1038 1643 3
1069 1607 1185 1643 iuxta
1214 1606 1237 1643 2
1266 1609 1305 1643 et
1335 1617 1458 1643 sensu
1490 1607 1631 1644 simile.

117 1670 194 1705 519
278 1669 301 1705 2
334 1670 382 1705 ad
409 1669 495 1706 189.
573 1669 649 1705 522
681 1671 699 1706 1
731 1669 833 1704 rhet.
866 1671 911 1704 ut
938 1669 1027 1705 527.
1059 1668 1094 1712 3,
1123 1668 1212 1705 530.
1247 1669 1278 1704 1.
1308 1670 1331 1703 4
1361 1669 1506 1713 repetit
1536 1670 1683 1713 partim
1714 1670 1810 1705 Don.
1843 1669 1877 1705 3.

118 1730 194 1767 523
277 1730 300 1767 3
331 1732 407 1766 An.
438 1731 527 1768 849.
555 1732 593 1766 4.
676 1732 700 1766 4
730 1731 775 1766 ci.
806 1731 895 1767 556.
979 1731 1056 1766 525
1085 1730 1109 1765 2
1137 1730 1184 1765 cf.
1215 1730 1302 1766 214.
1336 1732 1368 1766 1.

116 1792 194 1828 528
279 1792 312 1829 2.
352 1792 375 1829 3
405 1792 510 1829 rhet.
541 1794 585 1828 ut
614 1792 703 1830 527.
731 1792 754 1828 3
784 1794 824 1828 et
852 1792 940 1829 530.
974 1792 1015 1835 1,
1046 1791 1279 1835 exemplum
1312 1791 1476 1827 Sallusti
1507 1791 1680 1835 petitum
1710 1801 1761 1827 ex
1791 1792 1879 1828 529.

223 1854 259 1899 3,
289 1855 356 1890 ubi
385 1854 586 1898 significat
615 1864 755 1890 senem
786 1857 923 1889 cedere
952 1863 1031 1889 non
1062 1852 1314 1896 argumentis
1341 1853 1409 1887 sed
1435 1852 1601 1888 fiduciae
1627 1853 1779 1899 uxoris,
1795 1854 1878 1890 cf.4

225 1917 265 1952 et
293 1916 384 1954 531.
417 1917 451 1952 1.

117 1977 195 2024 529
276 1978 299 2015 5
329 1979 377 2014 ad
406 1979 508 2015 Eun.
541 1978 627 2015 280.
694 1978 786 2014 -531
819 1978 843 2014 2
871 1977 917 2013 cf.
950 1977 1038 2013 398.
1070 1977 1108 2012 4.

117 2039 194 2076 532
277 2039 301 2076 3
329 2040 376 2076 cf.
405 2040 494 2077 547.
527 2042 561 2077 1.
646 2041 679 2076 1.
712 2040 735 2076 2
764 2039 867 2075 rhet.
899 2040 944 2074 ut
974 2038 1064 2075 533.
1097 2038 1115 2073 1
1148 2039 1188 2073 et
1215 2037 1304 2074 534.
1339 2038 1371 2073 1.

116 2100 195 2138 534
277 2101 300 2138 3
330 2102 378 2137 ad
408 2102 496 2139 656.
582 2101 605 2138 3
635 2113 658 2135 ιι
688 2101 845 2137 notavit
873 2100 1037 2138 Wessn.

115 2163 192 2199 535
273 2163 298 2200 2
326 2164 401 2199 An.
432 2163 519 2201 116.
553 2163 586 2209 1,
615 2163 704 2208 503,
733 2163 822 2201 940.
853 2162 889 2206 3,
919 2163 1024 2197 unde
1053 2162 1168 2197 iuxta
1197 2161 1294 2197 Don.
1324 2161 1420 2196 haec
1447 2161 1727 2205 interpretatio
1755 2162 1880 2206 petita

221 2225 380 2261 videtur
408 2235 510 2270 quae
538 2226 579 2261 in
610 2226 719 2261 hunc
747 2225 879 2261 locum
910 2234 990 2259 non
1021 2224 1136 2259 cadit.

115 2286 192 2322 536
277 2286 296 2322 1
336 2287 359 2323 2
387 2287 410 2324 3
439 2287 622 2332 quaestio
653 2287 699 2322 de
728 2286 790 2322 his
822 2285 985 2321 scholiis
1016 2286 1153 2321 solutu
1181 2284 1348 2320 difficilis
1378 2286 1455 2320 est.
1484 2284 1616 2320 Verba
1645 2285 1810 2330 Mysidis
1840 2286 1880 2321 et

222 2358 465 2394 responsum
495 2349 630 2385 mariti
659 2349 716 2384 sic
744 2349 1008 2392 interpretor:
1042 2347 1140 2383 Cum
1168 2347 1234 2382 illa
1264 2347 1463 2382 exclamat
1488 2347 1649 2382 ‘misera
1677 2348 1780 2382 sum'
1803 2357 1880 2383 res-

223 2410 317 2455 picit
358 2420 476 2448 curas
519 2421 620 2455 quae
663 2412 931 2453 undecunque
974 2419 1018 2445 se
1060 2409 1362 2445 circumvallant
1403 2410 1550 2452 quibus
1590 2419 1696 2444 nunc
1732 2409 1881 2445 accedit

224 2472 363 2509 odiosa
412 2474 586 2518 suspicio
640 2472 786 2508 mariti.
831 2472 929 2507 Cum
972 2471 1034 2506 hic
1076 2472 1212 2507 autem
1255 2471 1491 2515 respondet:
1536 2469 1713 2506 ‘Utinam
1757 2470 1879 2506 sciam

224 2534 281 2570 ita
322 2544 414 2571 esse
454 2535 571 2571 istuc'
613 2535 687 2570 hoc
729 2534 828 2578 vult,
872 2543 936 2569 me
976 2532 1125 2568 iudice:
1165 2532 1332 2568 Utinam
1371 2541 1513 2568 revera
1550 2532 1606 2567 sis
1644 2532 1792 2567 misera
1829 2542 1879 2568 ex

224 2596 364 2641 culpae
401 2596 661 2633 conscientia.
700 2595 936 2639 Sequuntur
973 2595 1112 2630 autem
1146 2594 1263 2630 haec:
1296 2594 1384 2629 ‘Sed
1413 2603 1520 2629 nunc
1550 2593 1604 2629 mi
1632 2593 1670 2628 in
1702 2595 1880 2629 mentem

223 2658 334 2694 venit
371 2659 468 2703 sqq.’
503 2668 605 2702 quae
634 2658 757 2693 verba
785 2656 975 2699 indicant,
1004 2665 1096 2691 eum
1125 2665 1208 2691 non
1236 2656 1395 2691 credere
1424 2654 1596 2698 aliquam
1628 2655 1766 2698 culpae
1794 2664 1879 2690 con-

223 2720 434 2756 scientiam
477 2729 568 2756 esse
609 2719 649 2754 in
693 2727 832 2762 uxore,
873 2727 964 2753 cum
1006 2717 1104 2753 haec
1145 2717 1226 2752 iam
1269 2716 1362 2751 olim
1402 2726 1597 2759 generum
1636 2716 1879 2760 nuptiasque

225 2782 363 2818 oderit.
391 2782 478 2818 Iam
507 2781 546 2817 in
576 2780 805 2817 commento
835 2780 917 2814 tres
945 2779 1120 2822 legimus
1145 2778 1429 2814 adnotationes
1455 2779 1501 2813 de
1526 2787 1722 2821 responso
1747 2777 1877 2813 senis:

227 2843 397 2880 ‘utinam
434 2843 559 2879 sciam
598 2842 654 2878 ita
691 2850 782 2877 esse
810 2840 943 2876 istuc’.
973 2840 1201 2876 Secundum
1231 2839 1353 2875 schol.
1387 2840 1404 2875 1
1436 2839 1499 2874 ille
1527 2838 1739 2874 crudeliter
1767 2840 1880 2882 optat

225 2906 270 2940 ut
298 2914 402 2941 uxor
434 2914 574 2941 revera
603 2903 655 2939 sit
683 2903 852 2938 misera:
883 2901 1055 2937 ‘utinam
1084 2911 1180 2937 vere
1210 2901 1267 2936 sis
1296 2900 1469 2936 misera'.
1499 2902 1726 2936 Secundum
1755 2900 1878 2939 schol.

225 2965 251 3002 2
286 2968 385 3002 sunt
420 2966 487 3010 qui
521 2964 764 3009 Phidippum
802 2963 875 2999 hec
913 2962 1041 2998 dicere
1069 2963 1235 3006 putent:
1266 2961 1435 2996 ‘utinam
1465 2963 1574 2998 certo
1603 2961 1726 2998 sciam
1754 2971 1877 3006 penes

222 3028 263 3063 te
290 3037 382 3063 esse
411 3027 595 3071 culpans,
622 3034 723 3069 quae
751 3023 964 3068 explicatio
993 3033 1135 3068 parum
1162 3023 1244 3058 veri
1269 3022 1412 3057 similis
1437 3025 1513 3067 est,
1539 3023 1572 3058 si
1596 3032 1876 3067 comparamus

155 3073 158 3076 ¹
223 3088 356 3125 locum
385 3089 432 3125 de
459 3088 575 3133 culpa
602 3097 639 3122 v.
667 3085 743 3123 530
757 3085 889 3122 --535.
915 3085 961 3122 In
988 3085 1011 3122 3
1038 3086 1160 3121 verba
1186 3084 1296 3120 senis
1314 3084 1371 3120 sic
1386 3084 1686 3120 describuntur:
1705 3084 1872 3120 ‘utinam
