2242 3443
102 374 178 410 675

99 677 175 713 676

97 753 170 788 677

95 1056 171 1092 678

95 1132 171 1167 679

95 1282 172 1318 680

95 1586 168 1622 681

95 1807 169 1843 684

96 1883 170 1919 685

94 2214 167 2251 687

96 2955 170 2992 688

950 176 1027 213 191

425 298 440 332 1
474 307 498 332 (ι
524 297 561 332 id
591 297 697 333 enim
726 298 812 333 erat
841 297 1077 343 iucundum,
1111 300 1155 333 ut
1183 299 1348 342 quaerat
1375 298 1485 333 illuni
1516 308 1634 342 quem
1662 299 1780 334 videt.

306 371 324 408 1
370 380 443 407 UBI
487 380 561 407 Estr
604 369 837 408 Dorionem
880 369 1178 418 contemplata
1222 370 1324 408 dicit
1367 368 1453 407 ‘ubi
1497 370 1609 408 est?'
1645 371 1746 417 quia
1777 380 1860 408 non

246 445 391 493 ipsum
409 445 485 483 sed
505 444 694 483 alterum
712 444 851 483 novit.
871 444 895 481 2
914 454 1099 482 Rosius
1117 455 1203 483 NON
1221 455 1345 482 vas
1364 445 1666 483 stomachatur
1684 447 1863 492 uterque

247 530 397 559 errans
434 519 637 559 mirifice:
671 519 747 558 illa
778 519 893 566 quod
926 520 1174 558 eunuchum
1208 519 1390 559 credidit
1421 519 1659 559 Chaeream
1692 521 1858 570 videns,

247 596 316 635 hic
348 597 460 644 quod
492 596 690 635 eunucho
723 595 854 634 obicit
886 596 997 643 quod
1030 596 1253 635 commisit
1286 595 1489 635 Chaerea.

302 682 421 710 HUNc
451 682 639 710 seiLioET
671 671 752 710 hoc
783 671 872 710 iam
903 673 1092 719 tangens
1125 672 1374 710 eunuchum
1408 671 1513 710 dicit
1544 671 1770 711 Phaedria.

298 757 418 786 HUNc
445 758 596 786 ocums
624 757 717 785 suis
744 757 1009 785 NOSTRARUM
1026 757 1237 792 NUSQUAM
1256 757 1478 793 QUrsouAM
1498 758 1614 785 vmir
1633 758 1859 786 PHAEDRIA

243 823 313 863 vel
355 821 570 874 ἀρχαϊσμός
614 825 682 862 est
722 822 862 871 figura
901 833 976 871 pro
1024 822 1270 873 ‘nostrum',
1315 823 1385 862 vel
1417 824 1684 862 nostrarum’
1718 824 1759 862 id
1792 825 1858 863 est

242 909 353 947 quae
389 899 585 938 familiae
618 901 795 937 nostrae
827 901 948 947 sunt,
984 901 1032 937 ut
1063 909 1218 948 parum
1246 899 1305 937 sit
1336 910 1421 938 non
1455 899 1617 938 vidisse
1650 899 1856 938 Thaidem

240 975 326 1014 nisi
348 975 531 1014 addatur
548 984 602 1013 ne
620 974 907 1013 familiarium
935 974 1108 1022 quidem
1137 975 1275 1014 ullam
1295 985 1410 1024 esse,
1431 985 1539 1023 quae
1557 975 1671 1014 hunc
1688 975 1857 1014 viderit.

297 1060 521 1096 QUISQUAM
554 1051 734 1098 antiqua
766 1050 926 1089 locutio
960 1053 1041 1089 est.

294 1136 380 1165 NON
422 1137 540 1164 vimi*
573 1126 758 1165 totidem
791 1126 1033 1174 iisdemque
1068 1126 1211 1165 verbis
1242 1127 1429 1175 repetita
1459 1127 1738 1174 interrogatio
1770 1129 1857 1166 stu-

240 1213 390 1251 porem
424 1203 684 1242 admirantis
717 1202 907 1241 ostendit
940 1204 983 1241 et
1014 1203 1102 1241 iam
1137 1203 1275 1242 veluti
1307 1203 1637 1242 consentientis.

299 1280 319 1317 1
364 1289 460 1317 NAM
504 1288 621 1324 QUEM
662 1288 804 1316 ALIUM
846 1287 987 1316 HABUI
1029 1289 1230 1317 ΝΕΜΙΝΕΜ
1273 1279 1381 1317 bene
1415 1279 1466 1317 ad
1513 1278 1621 1317 illud
1654 1279 1765 1326 quod
1798 1279 1859 1317 ait

244 1353 312 1393 ‘an
355 1355 485 1394 hunc’
530 1354 655 1402 quasi
697 1364 752 1392 ex
789 1353 959 1394 multis,
994 1354 1018 1391 2
1052 1365 1114 1392 AU
1146 1365 1201 1392 NE
1235 1365 1557 1393 COMPARANDUS
1590 1365 1752 1399 QUIDEM
1783 1365 1857 1393 EST

241 1441 301 1468 AD
342 1441 479 1470 ILLUM
517 1430 599 1469 ‘au’
633 1428 879 1468 interiectio
913 1430 980 1468 est
1012 1430 1297 1469 conturbatae
1329 1430 1518 1469 feminae
1550 1441 1628 1469 nec
1661 1432 1857 1469 constan-

240 1507 299 1545 tis
331 1507 428 1546 sibi.

297 1585 317 1621 1
352 1594 449 1622 ILLE
480 1594 594 1623 ERAT
626 1596 827 1625 HONESTA
856 1596 982 1624 FACIE
1014 1590 1064 1637 τῷ
1098 1581 1311 1636 ἰδιωτισμῷ
1348 1581 1483 1621 ‘erat’.
1517 1585 1574 1638 (α)
1603 1583 1628 1621 2
1656 1593 1855 1621 HONESTA

239 1668 277 1697 F.
310 1670 362 1698 ET
394 1670 599 1699 LIBERALI
631 1664 860 1702 commode
894 1663 962 1701 est
989 1659 1234 1708 descriptus
1267 1658 1474 1698 Chaerea.

414 1735 430 1769 1
450 1744 474 1770 α
489 1736 605 1779 quasi
637 1737 848 1773 demortuo
872 1738 943 1772 aut
967 1734 1034 1779 qui
1058 1743 1140 1769 non
1165 1734 1248 1777 est,
1274 1733 1424 1768 scilicet
1447 1732 1606 1779 Thaidi,
1633 1733 1724 1777 quia
1739 1732 1855 1778 fugit.

292 1814 409 1843 NUNC
435 1817 523 1844 TIBI
552 1818 741 1847 VIDETUR
757 1818 921 1846 FOEDUS
939 1807 1078 1846 facete
1097 1804 1284 1843 ‘videtur
1300 1804 1489 1843 foedus’:
1509 1815 1622 1844 nunc
1640 1806 1756 1844 enim
1775 1807 1854 1844 est.

294 1891 403 1919 TACE
445 1892 631 1922 ossEcRo
674 1883 725 1923 de
767 1881 1082 1923 consuetudine
1115 1880 1282 1919 dictum
1316 1882 1384 1918 est
1418 1880 1540 1919 ‘tace’
1575 1882 1616 1919 et
1648 1881 1756 1919 bene
1788 1881 1856 1919 ad-

239 1955 355 1995 ditur
389 1956 608 2008 ‘obsecro’,
644 1969 697 1998 ne
732 1958 854 1998 ‘tace’
889 1960 1035 2008 ipsum
1070 1956 1291 1994 videretur
1322 1955 1493 1994 iniuria.

414 2031 431 2065 1
463 2042 562 2068 TACE
591 2042 765 2069 OBSECRO
793 2034 886 2077 apte
915 2033 1066 2068 dictum
1091 2030 1155 2066 est
1179 2029 1292 2065 ‘tace'
1317 2029 1490 2066 femineo
1515 2030 1724 2066 stomacho
1741 2030 1855 2073 quasi

357 2084 614 2130 impudenter
652 2087 864 2123 assistenti
900 2086 1052 2122 formae
1088 2084 1294 2128 improbae
1331 2085 1371 2119 et
1407 2086 1649 2128 argumenta
1681 2085 1856 2120 inaniter

359 2140 690 2185 pertinaciterque
718 2140 934 2177 invocanti.

297 2214 317 2250 1
368 2223 485 2258 QUEM
524 2225 580 2252 TU
612 2225 769 2253 vioERE
800 2224 910 2252 vEEo
944 2221 1103 2250 VELLEs
1134 2219 1362 2247 PHAEDRIA
1389 2210 1608 2248 commota
1640 2209 1853 2248 adversus

238 2287 497 2328 Phaedriam
538 2290 709 2338 cogitur
748 2300 849 2329 eum
891 2289 1089 2334 laudare,
1134 2285 1203 2324 cui
1243 2284 1357 2323 irata
1388 2287 1472 2334 est,
1509 2287 1551 2324 et
1582 2286 1677 2324 ideo
1709 2286 1850 2324 totum

241 2363 409 2404 callide.
452 2367 477 2404 4
520 2365 574 2404 Et
615 2366 805 2406 breviter
846 2366 989 2404 forma
1031 2361 1209 2401 laudata
1242 2362 1327 2409 est,
1362 2370 1461 2399 cum
1493 2361 1705 2409 prolixius
1736 2360 1853 2398 illius

241 2439 298 2477 sit
340 2440 625 2480 describenda
666 2441 936 2481 deformitas.
978 2440 1002 2478 5
1036 2447 1154 2483 QUEM
1186 2446 1241 2474 TU
1274 2446 1314 2474 v,
1348 2446 1388 2474 V.
1422 2446 1522 2474 vere
1554 2436 1732 2484 pulcher
1765 2437 1849 2482 est,

238 2516 362 2555 cuius
402 2517 545 2557 forma
583 2527 663 2557 nec
704 2518 852 2557 odium
892 2527 972 2555 nec
1015 2516 1208 2555 convitia
1252 2513 1534 2560 commeruit3
1567 2511 1759 2550 Lucilius
1793 2510 1851 2548 ‘at

241 2590 477 2639 Hymnidis
510 2594 598 2632 acri
630 2604 685 2633 ex
716 2593 825 2632 facie
857 2593 1009 2632 florem
1042 2592 1268 2640 delegeris’
1296 2591 1353 2635 (v.
1392 2590 1504 2628 1116
1537 2588 1687 2634 Marx).

410 2667 431 2701 2
458 2676 565 2708 QUEM
594 2677 629 2704 T.
658 2678 694 2703 v.
725 2678 761 2703 v.
791 2666 935 2710 facete,
966 2666 1080 2709 quasi
1108 2666 1215 2701 hunc
1243 2674 1316 2701 nec
1338 2663 1415 2708 ipsi
1437 2662 1504 2706 qui
1529 2660 1637 2696 misit
1663 2667 1849 2701 conspec-

356 2720 444 2755 tum
472 2721 582 2757 velit.
610 2721 632 2756 3
663 2723 724 2757 An
756 2720 904 2756 ‘velles’
934 2720 1056 2755 talem
1088 2719 1343 2763 <qualem>
1375 2716 1543 2759 loquor?
1572 2716 1594 2749 6
1620 2713 1641 2734 *
1666 2722 1770 2754 QUEM
1796 2721 1847 2746 TU

356 2783 392 2807 v.
423 2784 542 2818 quare
573 2776 675 2811 ‘tu’‘?
703 2785 754 2811 an
783 2774 875 2819 quia
902 2774 1004 2809 istae
1030 2775 1109 2808 iam
1139 2773 1303 2817 nolunt,
1332 2772 1458 2806 iratae
1486 2768 1635 2805 scilicet
1663 2768 1711 2802 ob
1740 2766 1847 2800 vitia-

355 2827 437 2862 tam
467 2829 697 2873 virginem?
727 2839 777 2864 an
807 2828 876 2864 ’ω’
902 2828 1017 2871 quasi
1041 2828 1243 2872 spectator
1267 2827 1484 2862 formarum
1509 2822 1672 2866 elegans
1688 2825 1739 2863 (v.
1756 2819 1846 2859 565)

359 2883 401 2916 ut
431 2883 496 2925 qui
526 2885 682 2919 amator
709 2883 763 2918 sit
792 2882 963 2918 Thaidis.

295 2955 315 2991 1
349 2963 423 2991 HIC
454 2963 529 2992 Es'r
562 2965 716 2993 viETUs
748 2964 884 2992 VETUS
918 2961 1194 2990 VETERNosus
1227 2960 1366 2988 SENEX
1388 2950 1450 2987 sic
1477 2948 1558 2985 hoc
1585 2947 1725 2984 totum
1754 2953 1843 2991 pro-

171 3022 174 3025 *
238 3029 545 3077 nuntiandum,
593 3030 715 3077 quasi
765 3029 981 3067 irascatur
1037 3026 1155 3074 huic,
1204 3027 1379 3073 propter
1426 3032 1553 3070 quem
1602 3018 1844 3058 laudaverit
