2242 3443
333 233 507 261 nncYnA
1170 225 1254 264 324

329 348 406 384 399
491 347 509 382 1
545 347 568 384 2
598 349 661 384 est
689 350 792 393 quod
823 349 981 385 dubites
1011 350 1058 386 de
1088 349 1302 393 utriusque
1333 349 1474 386 scholii
1504 351 1762 387 auctoritate.

331 409 409 445 402
496 410 514 445 1
547 410 622 445 An.
652 411 740 448 401.
777 412 809 448 1.
843 412 942 447 Eun.
973 411 1063 449 308.
1095 411 1129 447 1.
1214 412 1290 448 403
1322 411 1369 448 cf.
1402 411 1492 449 125.

332 470 410 506 406
495 472 512 506 1
545 472 634 508 vide
663 474 711 508 ad
742 473 830 510 386.
914 474 991 511 413
1021 473 1068 510 cf.
1101 473 1189 510 359.
1223 474 1241 510 1
1274 475 1315 510 et
1345 473 1433 511 360.
1467 476 1503 511 1.

331 533 408 569 415
491 533 514 568 2
545 534 616 569 Ph.
648 535 735 580 2373,
767 535 802 571 2.
887 535 961 571 421
996 537 1013 572 1
1046 535 1092 571 cf.
1123 537 1198 571 An.
1231 535 1319 572 676.
1351 535 1387 572 2.
1471 536 1549 572 423
1579 538 1651 572 Ad.
1684 536 1773 573 213.

332 594 404 631 431
493 597 650 631 semovi
684 599 701 634 1
735 598 850 633 iuxta
874 596 975 633 Don.
1001 598 1036 633 6.
1063 599 1103 633 et
1127 597 1348 633 verbosum
1373 597 1572 634 scholium
1595 599 1620 634 4
1647 599 1763 635 iuxta
1786 599 1948 635 initium
1966 599 2107 636 scholii

441 657 526 692 Don
576 658 613 693 5.

332 718 409 755 438
492 720 514 755 2
545 721 743 757 scholium
773 722 971 767 superiori
1001 722 1103 758 satis
1133 721 1265 758 simile
1296 722 1454 758 Donato
1484 723 1713 759 abiudicare
1742 723 1872 759 debui.

331 781 409 817 440
492 782 514 818 3
550 785 637 827 ‘ego
668 784 708 820 T.
743 786 842 828 puto
872 785 1078 820 scientem'
1111 784 1156 820 cf.
1186 784 1288 820 Eun.
1320 784 1410 822 689.
1441 784 1478 821 2.
1560 785 1583 821 5
1613 785 1729 821 iuxta
1755 787 1780 821 4
1811 786 1910 822 Don.

330 842 404 879 441
491 845 737 882 Wessnerus
767 847 968 882 inclinatis
997 847 1145 883 litteris
1173 848 1379 892 expressit
1408 846 1531 883 schol.
1558 847 1581 884 3
1606 857 1737 892 usque
1760 848 1808 884 ad
1834 847 1971 893 ‘pulpa
1984 847 2106 895 vero’,

437 909 477 942 et
516 910 648 944 totum
690 908 814 944 schol.
845 910 882 945 4.
924 908 1174 953 Quamquam
1213 910 1353 945 autem
1383 909 1471 945 sine
1500 909 1619 946 dubio
1650 909 1786 954 ‘pulpa
1816 919 1912 946 vero
1949 932 1986 937 —
2021 919 2108 947 con-

437 969 607 1005 cidatur'
647 971 686 1006 in
726 973 957 1008 commento
994 972 1189 1008 continuo
1226 972 1503 1016 sequebantur
1531 974 1627 1017 post
1656 972 1779 1008 schol.
1809 971 1846 1016 2,
1875 975 2014 1008 tamen
2041 971 2107 1009 illa
2179 973 2202 1002 ὅ

437 1032 568 1067 medio
602 1033 847 1077 interposita
875 1043 898 1068 a
928 1033 1086 1069 Donato
1118 1043 1199 1069 non
1232 1033 1455 1070 abiudicavi
1485 1035 1553 1070 sed
1585 1035 1683 1079 puto
1714 1043 1807 1070 cum
1835 1034 1860 1069 4
1892 1034 2107 1070 coniuncta

438 1093 578 1129 fuisse.
608 1094 796 1130 Ceterum
826 1095 871 1131 cf.
901 1097 975 1131 An.
1010 1095 1096 1132 183.
1128 1095 1163 1132 2.
1193 1096 1266 1132 Ad.
1297 1096 1386 1134 848.
1416 1096 1452 1132 2.
1486 1096 1543 1132 De
1571 1105 1668 1132 voce
1698 1105 1812 1132 caro
1840 1095 1960 1140 longe
1989 1095 2107 1132 aliter

438 1153 622 1191 Isidorus
653 1156 715 1192 Or.
741 1157 814 1193 XI.
847 1158 879 1193 1.
915 1158 961 1193 14
990 1167 1074 1201 sqq.

330 1215 407 1251 443
492 1216 514 1252 3
545 1218 596 1252 ‘in
628 1221 750 1262 gestu
781 1221 820 1255 et
851 1219 1116 1264 spectaculo':
1147 1222 1414 1265 opponuntur
1442 1219 1614 1256 lectioni.

331 1276 405 1313 447
491 1278 514 1314 2
552 1279 933 1325 interpretationem
964 1282 1110 1317 miram
1137 1283 1179 1318 et
1206 1282 1452 1318 contrariam
1485 1282 1637 1318 scholio
1667 1281 1898 1327 proscripsi.
1979 1283 2005 1319 4
2031 1282 2107 1320 hoc

434 1349 593 1384 quoque
624 1343 821 1380 scholium
853 1344 967 1380 iuxta
999 1344 1018 1379 1
1050 1354 1074 1380 a
1103 1353 1126 1380 a
1151 1343 1311 1380 Donato
1337 1344 1563 1380 abiudicare
1591 1343 1720 1389 debui,
1749 1343 1944 1380 haustum
1958 1343 2106 1389 partim
2167 1346 2170 1350 ⁴

436 1411 487 1438 ex
516 1404 564 1439 iis
596 1415 698 1448 quae
728 1406 827 1441 Don.
859 1407 905 1441 de
930 1416 1068 1442 amore
1097 1406 1262 1451 scripsit
1290 1406 1330 1441 in
1361 1406 1384 1443 6
1414 1409 1453 1442 et
1482 1407 1518 1443 7.
1615 1406 1637 1443 7
1668 1416 1692 1441 α
1721 1406 1814 1450 quid
1844 1406 1943 1442 haec
1970 1406 2105 1457 verba,
2183 1444 2187 1446 ,

435 1475 458 1500 a
494 1466 715 1503 Wessnero
754 1477 913 1512 quoque
946 1469 1101 1514 notata,
1130 1468 1194 1504 hio
1218 1468 1367 1504 faciant
1394 1477 1475 1504 non
1503 1467 1718 1512 intellego;
1749 1468 1941 1504 nimirum
1968 1468 2106 1505 iuncta
2182 1474 2190 1478 ·

431 1527 598 1564 fuerunt
641 1529 663 1565 6
707 1531 746 1565 et
789 1530 811 1566 7
856 1539 986 1573 usque
1027 1530 1077 1565 ad
1115 1531 1174 1566 ‘eo
1210 1530 1405 1574 pietatem
1445 1529 1610 1573 colam';
1649 1531 1861 1574 postrema
1900 1530 2024 1567 verba
2050 1530 2106 1572 ‘et
2183 1522 2213 1582 ‘J'

431 1591 692 1635 subiungitur
721 1593 854 1628 causa'
885 1601 957 1636 pro
990 1592 1268 1629 additamento
1299 1593 1467 1629 semovi.
1499 1592 1546 1627 In
1571 1592 1620 1628 iis
1645 1601 1747 1636 quae
1771 1594 1932 1629 restant
1945 1592 2104 1629 Donato
2176 1624 2180 1625 .

431 1653 692 1697 relinquenda
730 1654 920 1690 videntur
961 1655 1008 1692 10
1048 1656 1100 1696 et,
1142 1656 1187 1691 ut
1224 1657 1336 1700 puto,
1377 1655 1500 1692 etiam
1538 1656 1561 1692 9
1603 1675 1652 1680 -—
1690 1665 1794 1699 quae
1836 1655 1893 1691 sic
1927 1655 2105 1692 fortasse
2175 1658 2186 1690 ’.

430 1716 719 1752 coniunxerat:
761 1716 926 1752 ‘tamen’
966 1727 1038 1762 pro
1075 1717 1132 1753 ita
1168 1719 1321 1762 tamen,
1362 1718 1400 1753 id
1433 1719 1498 1754 est
1529 1718 1747 1753 dumtaxat
1776 1728 1848 1761 —5
1880 1717 2104 1762 separanda
2179 1751 2183 1756 .
2211 1751 2213 1754 .

431 1778 478 1812 ab
518 1777 581 1814 his
611 1780 709 1814 sunt
739 1779 761 1816 8
792 1776 843 1825 —·}-
872 1780 895 1816 9
926 1789 963 1824 a,
993 1789 1096 1823 quae
1126 1779 1274 1824 partim
1304 1781 1498 1824 repetunt
1529 1780 1589 1824 10,
1618 1779 1766 1824 partim
1795 1779 1819 1816 3
1852 1780 1893 1815 et
1921 1779 1959 1825 6,
1989 1788 2103 1825 quae,
2164 1785 2203 1834 ff

431 1840 597 1876 tametsi
625 1840 772 1876 similia
798 1841 954 1886 insunt,
984 1842 1123 1877 tamen
1153 1842 1272 1877 ambo
1303 1841 1481 1886 genuina
1510 1842 1712 1878 videntur.
2175 1837 2183 1846 '

324 1900 401 1938 448
485 1902 508 1937 2
538 1902 686 1946 repetit
714 1902 835 1938 finem
864 1902 965 1938 Don.
999 1903 1032 1948 1,
1064 1904 1154 1939 vide
1184 1903 1306 1948 praef.
1337 1904 1386 1940 de
1415 1903 1540 1940 schol.
1571 1902 1691 1939 simil.
1721 1904 1770 1939 ad
1798 1903 1896 1939 Hoc.

323 1963 402 2000 449
485 1964 598 2000 ‘atat'
629 1966 707 2003 An.
739 1965 825 2001 125.
857 1964 893 2001 2.
924 1965 1024 2000 Eun.
1056 1965 1146 2002 727.
1178 1965 1217 2001 2.
1859 1982 1863 1985 -

324 2025 398 2063 451
483 2026 507 2062 3
538 2026 626 2062 aliis
656 2028 792 2064 verbis
822 2028 927 2063 idem
957 2028 1139 2063 continet
1169 2028 1275 2071 quod
1304 2027 1406 2063 Don.
1440 2028 1473 2064 1.

323 2087 402 2125 454
485 2088 504 2123 1
536 2099 560 2124 a
589 2089 745 2126 notavit
775 2089 939 2125 Wessn.
1022 2089 1097 2126 457
1132 2090 1150 2125 1
1182 2090 1402 2134 proscripsi
1432 2090 1558 2128 schol.
1589 2090 1692 2126 satis
1719 2088 1971 2133 languidum.

324 2149 402 2186 458
488 2151 506 2186 1
538 2151 615 2187 An.
643 2152 734 2188 586.
764 2151 788 2187 2
817 2154 855 2187 et
886 2151 1130 2196 praesertim
1159 2152 1233 2187 Ad.
1264 2151 1353 2189 289.
1387 2153 1422 2188 1.

324 2212 402 2249 459
485 2213 510 2249 2
548 2224 572 2248 a
608 2214 765 2250 notavit
804 2213 979 2259 Wessn.,
1015 2215 1222 2249 invectum
1253 2214 1433 2250 fortasse
1463 2223 1513 2250 ex
1543 2215 1620 2249 An.
1647 2213 1738 2250 801.
1758 2212 1784 2255 ¹)
1810 2214 1835 2249 4
1865 2213 1914 2249 ad
1945 2212 2033 2250 178.
2061 2210 2098 2248 2.

324 2274 402 2311 463
485 2274 510 2311 2
537 2275 662 2314 schol.
692 2275 926 2320 parallelum
956 2277 995 2311 4¹
1024 2276 1183 2313 Donato
1214 2285 1425 2322 perperam
1454 2276 1606 2320 reliqui.
1631 2275 1730 2312 Vide
1754 2275 1878 2321 praef.
1904 2275 1951 2311 de
1974 2273 2100 2310 schol.
2176 2288 2192 2308 ι

433 2337 633 2373 similibus
665 2339 714 2374 ad
742 2337 839 2375 Hec.

325 2399 404 2436 464
486 2398 613 2435 Omisi
642 2409 776 2437 errore
804 2410 1022 2437 numerum
1053 2401 1076 2438 3
1106 2404 1199 2447 post
1229 2400 1518 2446 ‘reviviscere';

326 2461 404 2498 465
487 2462 511 2498 2
553 2463 628 2498 An.
674 2462 761 2500 384.
806 2463 842 2500 3.
884 2463 955 2501 Ph.
1002 2462 1087 2500 121.
1131 2463 1167 2501 3.
1252 2463 1276 2501 3
1313 2466 1356 2501 et
1390 2465 1415 2500 4
1452 2464 1584 2500 forma
1621 2459 1813 2499 videntur
1853 2461 1999 2497 similia
2027 2459 2096 2496 sed

435 2532 561 2560 sensu
589 2526 791 2561 contraria
819 2527 931 2561 sunt.

327 2584 405 2622 466
487 2585 510 2622 3
554 2587 601 2622 ad
643 2588 877 2633 exemplum
919 2588 1060 2624 scholii
1101 2588 1144 2633 2;
1183 2589 1222 2624 in
1264 2588 1374 2624 ‘heri'
1413 2587 1525 2624 nulla
1561 2589 1626 2624 est
1663 2586 1859 2632 temporis
1898 2585 2098 2629 brevitas;

434 2657 569 2692 nugae
597 2648 704 2684 illius
733 2649 800 2694 qui
829 2652 940 2686 amat
969 2650 1184 2686 formulam
1213 2650 1428 2696 non-sed,
1457 2649 1548 2685 vide
1576 2650 1624 2685 ad
1655 2649 1743 2686 377.

328 2708 405 2746 469
490 2709 510 2744 1
540 2720 564 2745 α
594 2711 753 2747 notavit
782 2712 946 2748 Wessn.
1030 2712 1108 2748 470
1140 2713 1159 2748 1
1191 2714 1232 2749 et
1259 2713 1336 2749 471
1366 2712 1469 2748 rhet.
1552 2710 1632 2751 475
1663 2711 1683 2747 1
1714 2711 1761 2747 cf.
1791 2711 1854 2748 50.
1885 2709 1922 2749 3.

327 2771 406 2807 476
488 2771 511 2808 3
541 2772 659 2809 iuxta
687 2773 787 2809 Don.
815 2773 840 2810 2
868 2775 908 2810 et
937 2783 1007 2818 per
1037 2776 1254 2811 non-sed.

327 2832 403 2869 477
489 2843 560 2878 pro
590 2834 613 2870 3
642 2835 795 2879 corrige
825 2835 848 2872 3
879 2845 915 2879 a,
943 2835 1104 2871 notavit
1133 2835 1297 2872 Wessn.

328 2894 405 2930 478
487 2894 511 2930 2
540 2895 585 2931 cf.
610 2896 698 2933 578.
731 2897 763 2932 1.
847 2896 871 2933 3
896 2897 944 2932 de
959 2896 1121 2932 scholiis
1137 2907 1207 2941 per
1222 2897 1575 2943 exclamationem,
1593 2897 1641 2932 ad
1658 2897 1733 2932 An.
1750 2897 1813 2940 77,
1829 2894 1875 2932 cf.
1892 2903 1989 2931 mox
2002 2892 2092 2930 481.

329 2954 405 2991 482
487 2955 512 2992 2
540 2956 586 2992 cf.
618 2956 705 2994 131.
729 2959 766 2994 4.
793 2959 832 2994 et
857 2960 934 2994 An.
957 2957 1043 2995 190.
1064 2960 1096 2995 1.
1115 2960 1187 2994 Ad.
1204 2959 1293 2996 800.
1313 2959 1346 2996 1.
1430 2958 1454 2995 3
1470 2958 1669 2994 anotavit
1684 2957 1862 3003 Wessn„
1879 2955 2016 2993 ut483
2029 2954 2092 2992 za.

328 3016 404 3052 485
485 3017 509 3053 2
547 3021 654 3054 recte
689 3019 874 3056 Donatus
903 3020 1073 3056 ironiam
1103 3020 1269 3064 pluralis
1298 3020 1459 3056 numeri
1482 3019 1672 3056 indicavit
1683 3029 1692 3064 ;
1721 3028 1813 3055 cum
1842 3019 1918 3055 hoc
1943 3015 2093 3054 scholio
2164 3011 2165 3014 '
2236 3004 2239 3023 ²

380 3151 403 3194 ¹)
429 3150 470 3185 In
495 3153 602 3187 textu
626 3151 737 3187 omisi
761 3151 841 3196 2(a)
865 3155 971 3188 ante:
997 3155 1045 3188 ‘et
1070 3153 1162 3188 hac'.
