2242 3443
296 176 522 204 Austrum-3
1143 163 1199 202 96

297 448 371 484 794

301 984 376 1020 795

305 1290 381 1325 796

312 2282 384 2318 797

310 2435 385 2470 798

313 2588 390 2623 800

441 291 665 329 accusatio
707 290 793 327 ista
823 299 955 336 quam
990 289 1117 336 prior,
1152 288 1310 336 quippe
1345 299 1443 328 cum
1478 289 1565 327 iam
1603 289 1732 328 modo
1766 290 1817 328 de
1849 289 2064 329 ambobus

444 369 673 405 accusetur
707 365 832 404 Micio
866 367 909 403 et
942 375 1027 403 non
1061 365 1112 403 de
1146 375 1246 404 uno.

506 446 521 480 l
564 452 743 480 TANDEM
779 451 967 479 REPRIME
1002 452 1284 480 IRACUNDIAM
1317 442 1440 490 mire,
1477 443 1579 490 quia
1610 442 1928 491 reprehendere
1960 443 2061 483 iras·

444 522 617 558 centem
661 529 746 557 non
788 520 947 566 potest,
981 518 1261 557 nimietatem
1295 519 1579 567 reprehendit
1609 519 1724 558 irati.
1759 520 1783 558 2
1817 519 1870 558 Et
1900 519 1984 558 ira
2014 519 2067 559 de

445 606 579 635 causa
620 597 701 643 est,
748 594 1041 633 iracundia
1074 595 1125 633 de
1159 595 1371 635 moribus.
1406 596 1430 634 3
1464 605 1608 641 Aci-Qun
1640 606 1700 634 AD
1733 606 1784 635 TE
1816 605 1918 634 Ram
1950 596 2067 645 quia,

445 673 528 711 ira
560 671 612 710 ab
645 681 695 710 eo
728 671 840 719 quod
874 673 943 710 est
975 671 1055 709 ire
1088 671 1259 720 dicitur,
1294 672 1409 719 quod
1442 683 1467 711 a
1499 682 1547 711 se
1580 675 1649 711 eat
1683 673 1757 720 qui
1790 663 1995 712 irascitur
2027 674 2072 711 et

447 748 564 786 furit.
599 749 623 786 4
657 748 710 786 Et
742 747 913 796 proprie
949 746 1015 786 ‘ad
1049 749 1092 786 te
1124 747 1244 797 redi’,
1279 750 1328 786 ut
1358 748 1576 797 Vergilius
1602 748 1690 789 (Ge.
1709 751 1750 788 4.
1770 749 1872 792 443)
1900 747 2069 787 ‘verum

448 824 520 863 ubi
554 824 674 863 nulla
707 824 734 863 f.
763 835 795 863 r.
823 824 866 873 f.‚
899 835 936 863 ν.
969 824 1021 862 ad
1049 834 1096 863 se
1123 824 1249 863 redit’
1279 827 1324 864 et
1349 824 1499 864 Cicero
1527 826 1586 866 (in
1602 824 1761 865 caecil.
1781 826 1851 871 57)
1871 823 1998 864 ‘redit
2016 824 2070 863 ad

449 912 496 941 se
529 905 659 949 atque
694 901 746 940 ad
779 911 925 940 mores
957 902 1092 941 suos'.

506 988 710 1017 REPRESSI
743 988 862 1017 anon
895 988 980 1016 non
1007 978 1109 1026 quid
1138 978 1321 1028 dicatur,
1350 979 1426 1018 sed
1453 989 1537 1027 quo
1564 980 1694 1028 gestu
1721 979 1892 1018 dicatur
1918 979 2072 1027 specta

448 1057 492 1093 et
538 1055 706 1093 videbis
749 1065 888 1102 neque
931 1055 1195 1103 repressisse
1238 1055 1382 1094 adhuc
1423 1055 1700 1095 iracundiam
1744 1065 1885 1104 neque
1928 1054 1983 1093 ad
2024 1064 2072 1094 se

449 1131 631 1170 rediisse
679 1130 904 1170 Demeam.
954 1131 1037 1170 Sed
1081 1141 1211 1179 quam
1256 1132 1368 1170 mira
1409 1133 1726 1181 perspicuaque
1769 1130 1997 1171 moralitas
2027 1129 2072 1168 in

451 1208 752 1246 huiuscemodi
784 1208 916 1247 rebus
947 1210 1151 1257 apparet!

514 1286 532 1322 1
563 1293 652 1322 REM
680 1294 813 1322 IPSAM
841 1295 1044 1324 Puteanus
1072 1285 1245 1324 videtur
1267 1285 1396 1334 paulo
1419 1286 1542 1325 ocius
1559 1285 1924 1325 destomachatus
1941 1292 2073 1331 quam

454 1370 524 1398 res
556 1361 691 1400 etiam
722 1360 960 1410 <nunc>
991 1362 1160 1401 incerta
1191 1362 1420 1411 poscebat3
1455 1363 1531 1402 sed
1565 1365 1609 1402 et
1641 1363 1723 1402 hoc
1754 1360 1934 1411 morale,
1968 1369 2073 1398 nam

453 1436 568 1475 iuste
610 1437 712 1475 irati
753 1438 922 1476 omissa
964 1438 1154 1477 saevitia
1195 1439 1247 1477 ad
1289 1439 1650 1478 ratiocinationes
1682 1448 1812 1488 saepe
1844 1437 2073 1485 festinant,

454 1515 497 1551 et
533 1516 759 1562 praeterea
790 1515 897 1553 illud
930 1515 1112 1566 accedit,
1146 1516 1260 1564 quod
1293 1526 1380 1555 non
1408 1517 1580 1556 invenit
1603 1516 1692 1555 iam
1721 1515 1834 1564 quod
1861 1512 2075 1561 condigne

454 1590 581 1639 dicat,
625 1590 759 1629 simul
802 1591 937 1630 etiam
979 1592 1083 1640 quia
1124 1593 1365 1641 increpitus
1396 1595 1465 1632 est
1496 1603 1522 1632 a
1552 1593 1703 1642 fratre,
1737 1592 1850 1640 quod
1883 1589 1996 1640 apud
2028 1598 2077 1627 se

454 1667 600 1715 ipsum
643 1667 736 1716 ipse
777 1669 866 1707 iam
909 1678 997 1707 non
1035 1670 1095 1708 sit
1135 1680 1212 1719 per
1253 1670 1525 1710 iracundiam
1568 1671 1894 1710 vehementem.
1929 1668 1954 1706 2
1985 1676 2076 1705 REM

455 1753 588 1782 IPSAM
621 1754 823 1783 PUTEMUS
855 1746 1112 1795 tractemus,
1146 1756 1402 1795 purgemus,
1436 1757 1541 1786 nam
1573 1747 1676 1786 hinc
1706 1748 1750 1786 et
1781 1743 2076 1795 putamina

455 1820 571 1858 dicta
597 1822 701 1858 sunt
732 1823 1038 1870 purgamenta,
1073 1824 1123 1860 ut
1155 1822 1339 1862 Plautus
1370 1823 1414 1861 in
1447 1822 1645 1872 Captivis
1675 1823 1792 1864 (655)
1825 1821 1888 1861 ait
1919 1818 2077 1860 ‘nucle-

456 1906 531 1934 um
569 1897 712 1946 amisi,
750 1898 911 1936 retinui
944 1898 1139 1947 pignoris
1170 1900 1429 1950 putamina’‚
1458 1902 1501 1939 et
1528 1900 1748 1949 Vergilius
1775 1898 1897 1940 (Aen.
1915 1898 1956 1937 6.
1975 1895 2077 1940 332)

457 1971 614 2011 ‘multa
654 1975 830 2022 putans'
868 1974 1003 2013 dixit:
1037 1977 1239 2024 putare
1271 1979 1340 2015 est
1372 1977 1491 2016 enim
1524 1977 1638 2016 falsa
1669 1978 1714 2015 et
1745 1984 1873 2015 cassa
1904 1984 1930 2013 a
1961 1971 2078 2012 veris

457 2050 501 2086 et
542 2048 727 2088 utilibus
758 2060 973 2100 resecare,
1008 2052 1122 2091 unde
1155 2052 1360 2092 arborum
1393 2055 1654 2102 purgatores
1685 2054 1989 2103 putatores
2019 2049 2076 2088 di-

459 2126 638 2173 cuntur;
673 2126 699 2165 3
733 2128 776 2165 et
810 2125 931 2166 ‘rem’
965 2137 1146 2167 causam
1179 2129 1321 2178 ipsam
1353 2130 1562 2179 ostendit,
1596 2132 1646 2169 ut
1677 2130 1793 2181 (185)
1827 2127 1970 2167 ‘mitte
1992 2126 2081 2164 ista

458 2202 590 2248 atque
622 2202 674 2240 ad
707 2212 801 2241 rem
834 2203 955 2242 redi’.

516 2288 573 2317 m:
604 2289 661 2317 'ru
693 2289 894 2318 CURARES
925 2291 1052 2320 MEUM
1085 2291 1189 2321 nam
1218 2282 1387 2323 ‘ambos
1416 2294 1567 2323 curare
1595 2282 1912 2332 propemodum
1940 2289 2081 2329 repos-

460 2364 557 2393 cere
590 2355 715 2394 illum
750 2358 818 2395 est
850 2367 980 2405 quem
1014 2358 1186 2398 dedisti'
1220 2357 1350 2411 (131).

515 2442 690 2471 morum
719 2443 795 2472 EST
824 2437 1005 2483 apparet
1036 2435 1268 2476 Micionem
1297 2437 1508 2476 minutim
1538 2437 1715 2485 quidem
1744 2435 1889 2484 fateri,
1919 2433 1995 2473 sed
2022 2432 2080 2472 fa-

461 2509 556 2546 cete
588 2510 874 2549 contemnere
906 2509 1091 2550 obiecta.

523 2585 542 2621 1
585 2593 670 2622 cua
716 2595 817 2624 mins
858 2597 1035 2625 AMICAM
1078 2598 1197 2628 moro
1239 2590 1497 2630 inclamatio
1530 2591 1616 2629 ista
1647 2589 1840 2629 nominis
1871 2596 2082 2636 magnam

459 2660 674 2699 invidiam
700 2661 934 2711 significat,
964 2666 1013 2701 ut
1039 2665 1153 2706 (175)
1182 2664 1461 2719 ‘regnumne,
1487 2666 1719 2715 Aeschine,
1748 2666 1818 2705 hic
1834 2657 2082 2714 possides?

463 2738 508 2775 et
533 2735 676 2785 (Verg.
695 2738 801 2777 Aen.
827 2740 891 2776 11.
912 2740 1012 2780 362)
1041 2738 1209 2788 ‘pacem
1238 2744 1280 2781 te
1308 2743 1533 2791 poscimus
1560 2753 1730 2792 omnes,
1749 2742 1924 2781 Turne’.
1942 2742 1967 2780 2
1985 2750 2082 2779 mm

463 2821 536 2857 QUI
578 2823 714 2852 Minus
757 2825 858 2853 Mrffl
891 2826 997 2854 ΙΒΕΜ
1030 2827 1101 2855 ms
1132 2828 1316 2863 AEQUUM
1347 2830 1424 2859 nsi·
1456 2831 1557 2859 essm
1589 2822 1667 2859 aut
1700 2819 1836 2859 ‘num'
1870 2821 1947 2859 aut
1978 2817 2080 2867 ‘qui’

463 2889 669 2938 abundat,
719 2893 763 2929 et
805 2894 873 2930 est
913 2893 1040 2932 ordo:
1083 2895 1156 2941 qui
1199 2896 1349 2935 minus
1391 2907 1583 2945 aequum
1625 2898 1692 2936 est
1734 2906 1832 2936 esse
1864 2896 1980 2936 idem
2011 2896 2082 2934 ius

465 2965 575 3003 mihi
608 2964 678 3010 (α).

638 3040 662 3076 2
689 3051 714 3076 a
743 3042 837 3086 ‘qui'
867 3053 962 3087 ergo
991 3053 1150 3088 quare
1179 3046 1243 3082 vel
1271 3056 1359 3083 cur
1387 3047 1604 3092 significat.

2239 2865 2242 2873 -
2239 2828 2242 2836 -
2236 2751 2242 2807 „a-
2233 2638 2242 2746 2--021

2232 3075 2242 3177 ,όν-«Λ.
2240 3038 2242 3041 .

2231 3238 2234 3243 .
2217 3116 2227 3215 sebegon,
2217 3089 2225 3106 ,υ
2215 3029 2237 3077 ¹²⁴.-
2218 2912 2226 3018 „0r-o
2223 2886 2226 2896 -
