2242 3443
141 323 218 359 520

3 254 7 273 l

3 298 8 327 l

0 417 10 722 ἱ
140 467 212 504 521

0 724 8 804 ἔ

0 860 5 894 ι

0 923 4 981 ἓ

0 999 4 1032 l

0 1050 6 1085 ε

139 1072 215 1108 522

142 1376 217 1412 523

143 1984 218 2020 526

144 2135 219 2171 528

145 2513 220 2550 529

989 195 1043 232 65

350 320 367 355 1
405 329 458 356 υΤ
491 328 649 356 Tfflnuo
684 328 764 356 Hoc
796 328 1015 355 PERPETUO
1049 319 1261 365 quantum
1295 317 1481 355 sufficiat
1512 318 1710 355 amatori.

461 392 483 428 2
514 393 559 427 Et
589 401 668 427 non
701 401 800 436 opus
831 394 917 427 erat
947 391 1169 435 ‘perpetuo'
1200 391 1339 434 dicere,
1369 391 1402 425 si
1433 390 1637 425 ‘triduum’
1668 391 1849 427 dixisset.

345 474 394 501 ET
428 473 546 501 is'roc
580 474 615 500 si
651 473 752 507 Quin
787 473 905 503 Porrs
939 473 1013 500 EST
1050 472 1229 500 anorius
1264 462 1387 500 deest
1421 461 1561 509 ‘addi',
1597 472 1698 500 nam
1728 463 1763 500 si
1794 473 1899 501 mor-

284 541 374 577 tem
408 537 693 587 significaret,
730 549 813 577 non
845 539 1100 576 conveniret
1128 538 1454 576 adulescentem
1487 537 1574 575 ‘ita’
1604 538 1761 585 dicere,
1792 539 1902 577 vide-

283 616 354 652 tur
396 615 514 652 enim
559 614 657 661 plus
700 615 914 661 temporis
959 617 1135 662 optasse
1179 613 1392 660 languori.
1437 613 1460 650 2
1502 615 1611 658 [NAM
1646 624 1764 651 Hunc
1797 625 1901 652 DIEM

285 700 442 728 msam:
476 700 596 728 Nimis
631 692 770 736 CUPlO]
796 686 821 725 ¹l
858 690 1100 728 ‘moriatur’
1135 689 1320 735 scilicet;
1355 691 1397 727 et
1431 689 1510 726 hoc
1539 698 1722 727 aversus
1749 700 1903 728 servus

286 766 413 804 debet
454 767 615 813 dicere,
660 777 713 804 ne
754 766 1005 804 indecorum
1049 765 1346 804 adulescentis
1379 775 1589 813 personae
1623 766 1681 803 sit
1711 766 1763 804 ad
1797 767 1904 805 haec

285 842 373 880 ‘ita’
408 843 584 890 dixisse,
620 852 886 890 quamquam
923 842 1138 880 eiusmodi
1165 840 1470 879 adulescentes
1498 840 1706 878 inducant
1732 843 1904 891 cornici,

287 920 335 954 ut
367 917 559 956 Naevius
592 918 634 956 in
668 917 892 955 Tribacelo
930 912 1145 964 ‹Ribb.3p.
1167 917 1235 955 26)
1269 916 1386 955 ‘deos
1419 925 1595 964 quaeso,
1633 919 1680 954 ut
1707 917 1907 956 adimant

289 994 332 1030 et
365 995 531 1040 patrem
569 996 612 1031 et
646 996 833 1032 matrem
869 994 1021 1031 ineos’.

349 1070 366 1106 1
408 1079 564 1107 Mrsnan
606 1079 728 1107 Nimis
762 1079 886 1107 cupro
920 1068 1113 1107 abundat
1146 1068 1308 1106 ‘nimis’
1345 1078 1466 1106 more
1509 1069 1798 1117 comicorum,
1834 1070 1905 1117 qui

283 1145 363 1183 hoc
406 1145 519 1183 dicto
563 1145 937 1183 asseverationem
971 1143 1263 1182 inculcabant.
1301 1145 1324 1182 2
1358 1154 1483 1183 GUPIO
1517 1154 1572 1182 Ur
1606 1153 1725 1182 conpr
1754 1155 1903 1184 PERPE-

287 1231 410 1259 TUUM
446 1231 490 1258 IN
528 1232 733 1260 LAETITIA
771 1231 938 1260 DEGERE
977 1221 1048 1268 qui
1089 1223 1131 1259 et
1168 1230 1300 1268 supra
1327 1220 1438 1258 dixit
1465 1217 1583 1271 (287)
1616 1219 1692 1259 ‘ita
1723 1232 1904 1271 quaeso,

289 1297 460 1343 quando
495 1297 601 1336 bene
634 1297 865 1345 successit,
902 1297 1087 1334 hilarem
1122 1298 1236 1334 hunc
1269 1306 1501 1334 sumamus
1534 1296 1678 1334 diem’.

351 1374 368 1409 1
401 1383 451 1410 ET
480 1384 609 1411 innuo
638 1383 719 1412 Ros
747 1383 893 1411 NULLA
921 1383 1028 1411 ALIA
1057 1383 1199 1411 CAUSA
1229 1383 1319 1410 TAM
1348 1383 1467 1410 MALE
1497 1382 1568 1410 om
1588 1372 1698 1410 mire
1715 1372 1907 1410 ostendit

289 1448 437 1486 omnia
470 1459 525 1487 ex
559 1449 729 1488 delictis
757 1450 800 1487 in
829 1459 1015 1497 pravum
1046 1449 1174 1497 verti,
1205 1449 1311 1487 adeo
1340 1451 1387 1486 ut
1415 1449 1626 1486 miseram
1656 1450 1780 1496 putet
1807 1448 1902 1485 adu-

290 1522 460 1562 lescens
504 1525 800 1563 suburbanam
845 1524 1015 1571 villam,
1061 1534 1146 1571 qua
1191 1534 1235 1562 re
1278 1524 1410 1563 ceteri
1444 1523 1738 1570 delectantur3
1772 1522 1905 1561 ‘illud’

289 1608 390 1646 ergo
418 1601 644 1648 tamquam
675 1611 771 1639 cum
803 1601 1093 1639 detestatione
1121 1600 1245 1638 dixit.
1265 1601 1288 1638 2
1309 1600 1362 1638 Et
1379 1610 1498 1637 MALE
1515 1599 1648 1637 nimis
1666 1601 1706 1637 et
1726 1599 1904 1647 misere,

291 1684 393 1713 nam
429 1676 664 1714 nimium
699 1679 742 1715 et
773 1675 941 1715 malum
976 1678 1019 1714 et
1051 1677 1263 1715 miserum
1298 1677 1364 1716 est
1389 1674 1628 1713 secundum
1662 1674 1782 1713 illam
1812 1684 1904 1713 sen-

287 1751 470 1790 tentiam
509 1753 602 1793 (An.
623 1753 694 1799 61)
728 1752 789 1790 ‘ut
822 1761 875 1790 ne
908 1752 1007 1798 quid
1042 1753 1205 1790 nimis’.

346 1837 458 1872 ouon
490 1838 528 1866 sr
561 1839 746 1867 Assnssnr
779 1837 964 1866 LONGIUS
997 1829 1084 1867 iarn
1120 1829 1258 1867 amori
1293 1828 1434 1876 magis
1463 1837 1592 1875 quam
1621 1827 1681 1865 rei
1716 1827 1905 1865 consulit

291 1902 561 1942 adulescens.

346 1990 427 2017 IAM
455 1990 542 2018 Huc
570 1990 792 2019 RucU-RRET
824 1980 932 2019 mire
961 1980 1012 2019 de
1041 1990 1145 2018 sene
1171 1979 1392 2018 ‘recurret'
1413 1979 1542 2026 dixit,
1564 1980 1611 2016 ut
1629 1978 1722 2017 eius
1741 1978 1905 2016 instan-

289 2055 396 2093 tiam
430 2056 771 2095 demonstraret.

351 2133 369 2169 1
406 2141 589 2170 NIHILNE
623 2142 668 2170 IN
701 2142 846 2170 MENTE
878 2143 953 2170 ns'r
986 2133 1049 2171 sic
1083 2133 1164 2171 hoc
1197 2130 1500 2180 accipiendum
1536 2132 1621 2177 est,
1655 2131 1704 2167 ut
1736 2129 1901 2167 adules-

290 2207 404 2245 centi
441 2207 576 2246 libero
613 2208 830 2246 malitiam
865 2210 1088 2257 putemus,
1119 2217 1204 2246 non
1232 2207 1496 2254 sapientiam
1526 2205 1699 2243 deesse:
1727 2205 1834 2243 adeo
1862 2205 1902 2243 in

290 2283 369 2321 hac
396 2293 441 2322 re
469 2283 682 2331 magister
709 2287 776 2322 est
803 2294 972 2322 servus.
1001 2285 1024 2322 2
1052 2293 1194 2322 ΤΑΝΤΟ
1222 2292 1412 2328 NEQmoR
1439 2282 1501 2319 sic
1525 2282 1606 2319 hoc
1634 2281 1797 2319 dictum
1817 2283 1902 2324 est,

283 2360 338 2396 ·ut
377 2369 398 2397 e
441 2360 658 2397 contrario
695 2359 881 2398 dicimus
915 2359 1051 2398 ‘tanto
1084 2359 1251 2398 melior’
1285 2358 1457 2399 (Heaut.
1477 2357 1590 2400 549).
1626 2356 1650 2394 3
1685 2365 1904 2400 NUMQUAM

291 2443 514 2479 QUICQUAM
550 2434 742 2483 παρέλιπον
776 2447 852 2483 pro
886 2436 1172 2483 ‘numquam',
1205 2436 1245 2473 id
1279 2437 1347 2473 est
1379 2444 1476 2472 non.

352 2512 369 2548 1
416 2521 565 2548 omnus
607 2522 770 2549 AMchs
813 2522 973 2549 HosPEs
1008 2522 1123 2550 NEMO
1156 2522 1230 2549 EST
1271 2520 1391 2548 vossrs
1425 2509 1520 2546 vide
1555 2508 1815 2555 magistrum
1851 2509 1900 2546 ad

292 2587 550 2635 nequitiam,
595 2591 642 2625 ut
685 2588 872 2636 simplici
908 2588 1178 2626 adulescenti
1212 2585 1454 2625 mentiendi
1489 2585 1602 2621 viam
1636 2583 1907 2622 demonstret

292 2663 335 2699 et
361 2662 595 2700 honestum
625 2666 813 2711 temptet
840 2663 995 2701 afferre
1013 2665 1321 2711 argumentum
1343 2661 1394 2699 ad
1414 2659 1714 2697 mendacium:
1734 2661 1906 2707 propter

292 2736 515 2786 clientem,
545 2740 735 2777 amicum
764 2742 840 2777 aut
866 2740 1084 2787 hospitem
1113 2739 1154 2776 in
1183 2738 1287 2776 urbe
1316 2745 1509 2782 cessare3
1528 2734 1640 2781 quod
1660 2737 1806 2772 tamen
1825 2744 1904 2773 nec

295 2812 358 2852 sic
389 2813 609 2862 intellegit
642 2816 691 2852 ut
723 2815 844 2852 rudis
877 2825 928 2853 ac
960 2815 1152 2853 rusticus
1183 2811 1456 2853 adulescens.

466 2887 490 2923 2
514 2885 675 2924 *omnus
707 2898 855 2925 AMICUS
890 2899 1040 2925 HosPEs
1066 2899 1173 2925 NEMO
1198 2899 1267 2924 EST
1294 2897 1410 2923 voBIS
1437 2886 1535 2921 mire
1561 2885 1617 2919 sic
1640 2884 1903 2927 interrogavit

145 3076 147 3079 ’
201 3074 222 3116 ³)
248 3074 439 3111 Scholium
464 3077 630 3121 pertinet
650 3078 697 3112 ad
719 3090 850 3112 versus
874 3077 1041 3113 initium:
1066 3079 1131 3113 ‘ita
1155 3078 1242 3112 fiat)

188 3140 346 3168 KAESTEN,
366 3137 452 3165 Com.
470 3137 551 3165 Don.
1760 3138 1795 3165 5*
