2242 3443
343 426 417 462 957

343 1007 420 1044 958

345 1312 422 1348 959

344 2194 421 2230 960

344 2425 419 2460 961

343 2577 420 2613 963

344 2653 422 2689 964

344 2985 421 3021 965

1189 179 1270 217 110

1214 304 1254 341 5.

553 423 571 460 1
617 432 796 461 Pssov1so
834 434 936 467 Qum
969 433 1087 461 AGAT
1122 433 1158 461 P.
1193 434 1237 461 A.
1270 433 1308 461 E.
1343 423 1450 461 haec
1483 433 1644 461 scaena
1676 423 1865 462 alterum
1897 432 2112 472 generum

492 497 714 537 Chremeti
763 501 1007 547 comparat,
1053 508 1106 537 ne
1150 502 1227 538 aut
1269 498 1485 538 Charinus
1527 499 1669 537 tristis
1710 499 1888 538 recedat
1918 500 1996 538 aut
2026 508 2112 538 non

491 574 717 622 provisum
762 575 960 613 videatur
1003 574 1302 614 Philumenae.
1343 576 1366 612 2
1396 585 1575 613 PROVISO
1602 585 1639 620 Q.
1667 585 1710 614 A.
1739 575 1820 614 hoc
1848 574 2112 623 colloquium

491 653 666 699 propter
699 652 1009 700 compendium
1040 652 1214 691 fabulae
1246 652 1481 700 inducitur,
1512 654 1558 690 ut
1585 661 1675 690 una
1700 651 1951 690 narratione
1979 650 2114 690 etiam

492 727 718 776 negotium
760 726 937 767 Charini
979 728 1166 776 transigi
1201 728 1356 777 possit.
1390 728 1415 766 4
1450 738 1630 767 PRovrso
1665 726 1869 776 ‘proviso’
1903 727 2014 766 duas
2044 735 2115 766 res

492 801 735 851 significat:
771 805 814 842 et
846 804 1033 852 procedo
1065 805 1109 843 et
1141 803 1282 842 video.

667 877 689 912 3
727 887 895 913 Paovrso
933 888 967 919 Q.
1005 887 1043 914 A.
1074 877 1282 922 dupliciter
1310 887 1375 913 res
1407 879 1454 913 ab
1485 877 1609 913 oculis
1638 879 1918 923 spectatorum
1949 887 2115 914 moven-

610 932 698 967 tur:
726 933 798 967 aut
827 932 934 968 enirn
963 932 1100 968 futura
1128 933 1424 976 promittuntur
1452 934 1523 968 aut
1553 932 1658 968 facta
1685 933 1915 969 narrantur.

553 1005 574 1041 1
618 1012 736 1041 NUNC
777 1012 841 1042 src
882 1013 982 1041 Essa
1024 1013 1108 1042 Hoc
1142 1014 1291 1042 VERUM
1323 1014 1361 1042 L.
1398 1002 1488 1042 ‘sic'
1522 1003 1706 1043 delicate
1737 1003 2112 1053 pronuntiandum

488 1080 556 1117 est
598 1081 642 1117 et
685 1079 923 1128 separatim
965 1080 1340 1127 distinguendum.
1380 1079 1404 1117 2
1448 1090 1505 1118 AT
1546 1089 1649 1118 MIHI
1690 1090 1808 1119 NUNC
1850 1089 1885 1119 5.
1918 1089 1957 1118 Ε.
1991 1090 2036 1119 Η.
2069 1084 2110 1119 v'.
2172 1066 2176 1068 ἡ
2240 1115 2242 1122 .

492 1165 632 1193 Lussar
664 1165 822 1194 sensus
854 1155 924 1193 hic
957 1157 1047 1194 est:
1082 1155 1155 1194 alii
1187 1157 1344 1204 putent
1377 1158 1424 1193 ut
1457 1155 1628 1204 volunt,
1663 1166 1742 1204 ego
1775 1157 1925 1195 autem
1958 1165 2112 1195 verum

494 1241 590 1270 esse
623 1229 852 1280 confirmo,
889 1232 1002 1280 quod
1035 1233 1144 1271 mihi
1177 1233 1285 1272 libet
1318 1244 1473 1272 verum
1508 1234 1695 1272 credere.

553 1311 576 1346 3
619 1317 700 1346 Eeo
743 1318 920 1347 DEORUM
964 1319 1102 1348 vrTAM
1134 1320 1172 1348 E.
1206 1319 1517 1348 SEMPITERNAM
1550 1320 1590 1349 E.
1622 1319 1665 1348 A.
1700 1309 1813 1348 hanc
1843 1308 2112 1348 sententiam

493 1385 636 1422 totam
671 1383 897 1423 Menandri
929 1384 980 1423 de
1011 1385 1221 1424 Eunucho
1255 1385 1507 1433 transtulit;
1542 1386 1584 1424 et
1616 1386 1697 1423 hoc
1724 1386 1792 1424 est
1818 1385 1931 1433 quod
1957 1384 2114 1424 dicitur

496 1458 802 1498 ‘contaminari
832 1470 919 1499 non
948 1460 1100 1500 decere
1124 1461 1312 1500 fabulas'
1341 1461 1462 1511 (prol.
1494 1462 1575 1509 16).
1603 1462 1629 1499 4
1657 1471 1739 1500 Eeo
1761 1471 1879 1501 carr.
1897 1470 1985 1501 non
2001 1460 2114 1500 dixit

495 1536 608 1584 quod
651 1536 747 1585 sit,
789 1536 866 1575 sed
908 1537 1022 1584 quod
1065 1547 1220 1576 verum
1261 1539 1440 1586 putet,
1484 1539 1529 1576 et
1561 1538 1629 1576 est
1661 1519 1790 1588 δόγμά
1818 1533 2114 1588 Ἐπικούρειον,

487 1611 603 1660 quod
629 1621 654 1650 a
681 1612 840 1651 ceteris
857 1612 1133 1662 philosophis
1150 1613 1416 1662 repudiatur,
1435 1613 1486 1652 de
1503 1613 1591 1652 otio
1608 1623 1659 1652 ac
1674 1613 1855 1662 perenni
1872 1613 2112 1662 voluptate.

669 1687 687 1721 1
719 1685 736 1708 ³*
765 1696 839 1723 EGO
865 1689 959 1723 cett.
987 1697 1106 1724 omne
1130 1689 1235 1731 quod
1260 1688 1460 1724 habemus
1486 1689 1557 1723 aut
1585 1690 1818 1724 mutuum
1846 1691 1909 1725 est
1924 1689 2113 1732 autpro-

612 1740 801 1785 prium3
832 1743 1065 1777 mutuum
1094 1746 1174 1788 est,
1205 1743 1389 1786 quicquid
1418 1743 1466 1778 ad
1496 1744 1659 1786 tempus
1689 1743 1885 1779 habemus
1909 1751 1982 1778 nec
2006 1742 2113 1786 post-

611 1795 730 1831 modo
759 1798 948 1831 nostrum
977 1796 1158 1832 futurum
1188 1799 1269 1841 est,
1299 1799 1344 1833 ut
1367 1796 1479 1841 villa,
1505 1798 1666 1842 domus,
1692 1806 1808 1842 uxor,
1832 1795 1902 1832 filii
1924 1798 1966 1832 et
1979 1798 2113 1832 cetera

612 1848 652 1883 in
681 1849 790 1885 hunc
818 1851 1002 1896 modum,
1033 1850 1317 1896 proprium,
1348 1852 1393 1886 ut
1421 1851 1551 1887 virtus
1576 1851 1716 1896 animi,
1743 1853 1806 1888 est
1828 1851 1982 1887 bonum
2007 1859 2112 1886 sern-

610 1902 830 1948 piternum,
869 1906 972 1948 quod
1010 1905 1148 1950 propie
1185 1905 1233 1940 de
1263 1905 1336 1940 diis
1365 1904 1527 1941 dicitur:
1559 1914 1639 1940 non
1669 1904 1776 1941 enim
1806 1905 1965 1941 aliunde
1993 1913 2113 1941 vene·

610 1958 724 2003 runt,
756 1958 826 1994 sed
854 1959 958 2003 apud
989 1968 1032 1994 se
1060 1959 1172 2003 ipsos
1198 1961 1296 1995 sunt
1321 1969 1494 2003 semper.
1521 1960 1570 1995 Et
1595 1959 1813 2004 Epicurum
1843 1960 2010 1995 secutus
2038 1958 2113 1994 hoc

611 2011 724 2047 dixit.
756 2012 777 2047 2
807 2012 969 2057 Proprie
999 2023 1096 2057 ergo
1125 2014 1172 2049 de
1196 2013 1270 2048 diis
1297 2013 1619 2057 ‘sempiternum'
1645 2014 1763 2059 dixit,
1781 2023 1875 2049 nam
1891 2013 1998 2049 inter
2013 2022 2113 2051 sem-

610 2065 815 2110 piternum
853 2069 894 2102 et
930 2070 1175 2112 perpetuum
1204 2068 1278 2103 hoc
1305 2068 1495 2112 interest,
1526 2068 1631 2112 quod
1659 2068 2038 2113 sempiternum
2063 2068 2111 2103 ad

612 2120 726 2165 deos,
756 2122 1063 2165 perpetuum
1092 2122 1254 2166 proprie
1284 2123 1332 2157 ad
1361 2122 1550 2158 homines
1580 2122 1772 2166 pertinet.

548 2197 842 2235 (VOLUPTATES
860 2196 1023 2234 EORUM)
1042 2203 1258 2232 PROPRIAE
1276 2203 1386 2231 SUNT
1404 2195 1651 2242 perpetuae,
1671 2193 1984 2243 sempiternae,
2002 2202 2112 2241 quae

492 2275 578 2305 non
620 2267 710 2305 sint
750 2269 1108 2308 accommodatae
1149 2270 1202 2308 ad
1244 2271 1419 2318 tempus
1461 2278 1511 2308 ac
1553 2271 1757 2317 mutuae;
1799 2269 1863 2308 sic
1903 2269 1948 2308 et
1977 2277 2111 2317 supra

493 2340 675 2382 ‘nihilne
708 2353 807 2382 esse
840 2345 1064 2392 proprium
1098 2345 1320 2393 cuiquam’
1353 2347 1409 2386 (v.
1445 2346 1557 2392 716).

551 2429 590 2458 51
615 2428 763 2458 NULLA
795 2429 1045 2459 Anemruno
1073 2431 1178 2460 Hmc
1195 2431 1361 2460 GAUDIO
1380 2432 1408 2460 1.
1428 2421 1599 2461 scilicet
1617 2421 1859 2461 secundum
1877 2430 2010 2470 supra
2025 2420 2109 2459 dic-

490 2497 582 2534 tam
600 2495 894 2534 sententiam:
913 2497 951 2534 51
968 2497 1159 2546 proprio,
1181 2498 1340 2547 inquit,
1360 2498 1468 2536 haec
1485 2497 1618 2536 fuerit
1635 2497 1858 2547 voluptas,
1873 2497 1981 2536 deus
1993 2506 2108 2536 sum.

549 2581 652 2617 Qun>
684 2582 815 2610 ILLUD
849 2582 987 2611 GAUm
1020 2583 1095 2611 EST
1128 2573 1173 2611 in
1206 2573 1307 2612 aliis
1338 2573 1451 2612 Davi
1483 2583 1670 2623 persona
1701 2574 1900 2613 infertur.

554 2649 573 2686 1
609 2657 705 2687 ΝΛΜ
737 2657 858 2687 Hunc
890 2657 981 2687 5010
1014 2658 1107 2687 MEA
1139 2658 1290 2688 sommi
1318 2647 1547 2700 ἀρχαισμός.
1576 2649 1600 2688 2
1627 2659 1778 2688 somna
1805 2629 1948 2689 501,οΜ
1969 2647 2110 2698 figura

491 2722 729 2775 παρόμοιον.

1203 2862 1243 2901 6.

552 2981 573 3019 1
618 2990 872 3018 PAMPHILUS
913 2990 1087 3019 UBmAM
1129 2991 1173 3019 H.
1217 2991 1256 3020 E.
1300 2981 1344 3019 in
1376 2981 1456 3019 hoc
1489 2982 1589 3019 actu
1623 2981 1734 3020 mira
1765 2982 1860 3020 arte
1893 2990 1960 3028 ea,
1994 2988 2106 3028 quae

491 3058 662 3096 restant
702 3057 753 3096 de
796 3056 1040 3106 comoedia,
1079 3056 1271 3096 breviter
1303 3056 1581 3105 explicantur
1612 3059 1656 3096 et
1686 3057 1970 3106 designant-ur
2003 3056 2104 3096 dua·
2170 3114 2173 3117 Ι
2234 3105 2239 3112 ⁴
