2242 3443
313 447 387 482 (337

313 822 390 856 638

312 1050 389 1086 639

311 1202 388 1238 640

308 1708 381 1743 641

307 2013 384 2048 642

306 2885 383 2921 643

1171 167 1250 203 186

465 290 671 330 ‘biduum’
699 293 761 330 sic
789 292 1026 340 pronuntia
1048 293 1095 330 ut
1111 291 1289 339 longum
1310 292 1583 339 nimiumque
1600 294 1797 341 tempus;
1818 292 1912 330 tum
1931 291 2084 330 deinde

457 367 554 405 ‘hic'
590 370 817 416 tamquam
853 368 894 406 in
928 367 1021 407 loco
1054 367 1147 406 solo
1183 369 1313 415 atque
1345 368 1473 406 tristi.

515 444 540 481 3
583 454 681 482 sinn
723 454 825 482 ILLA
869 445 982 483 satis
1025 446 1240 483 amanter.
1275 445 1300 482 4
1335 454 1432 481 SINE
1466 454 1566 482 ILLA
1600 444 1688 483 iam
1722 453 1854 482 causa
1889 444 1977 491 est,
2009 452 2083 483 cur

462 519 643 558 biduum
687 523 895 568 gravetur
935 520 1029 559 loeo
1063 520 1199 569 tristi,
1234 530 1308 558 cur
1341 520 1553 559 solacium
1588 520 1954 567 conquirendum;
1981 521 2086 558 sunt

461 598 609 634 autem
644 597 715 643 qui
743 597 860 635 idem
889 598 1046 644 putent
1073 606 1170 634 esse
1199 595 1310 634 ‘soli'
1341 596 1449 634 ‘sine
1476 595 1581 645 illa'‚
1604 598 1652 634 ut
1671 595 1885 634 ‘sineilla’
1904 593 2084 646 ἐξήγησις

459 671 554 710 eius
587 672 646 710 sit
678 672 790 719 quod
823 673 996 711 dixerat
1029 671 1154 710 ‘soli’.

635 747 652 782 1
681 756 767 782 som
793 756 881 782 snm
906 755 998 782 ILLA
1029 746 1178 782 scilicet
1203 746 1290 781 sine
1314 745 1395 790 illa,
1423 746 1444 780 2
1470 747 1539 781 aut
1564 745 1651 781 sine
1676 745 1752 782 alio
1776 745 2083 782 oblectamento.

517 827 640 856 mnu,
683 828 756 856 EST
800 828 903 863 omo
946 827 1071 856 Num.
1114 828 1153 856 si
1196 828 1281 856 NON
1320 818 1566 856 amantium
1600 817 1921 866 disputationes
1951 817 2082 856 inter-

460 895 650 932 miscent
682 895 897 942 quaedam
932 894 1114 933 consilia
1145 903 1279 932 sanae
1311 894 1494 943 mentis,
1521 904 1632 942 quae
1659 896 1808 933 tamen
1837 893 1991 933 statim
2020 903 2081 933 re-

461 970 685 1018 surgentis
718 971 882 1009 amoris
915 970 1103 1009 saevitia
1134 971 1439 1009 devincantur.

515 1057 600 1085 ΕΗΟ
633 1057 689 1085 ΝΕ
722 1057 902 1085 v1DEND1
930 1056 1096 1091 QUIDEM
1125 1057 1223 1085 mm*
1252 1046 1362 1085 ‘eho’
1392 1046 1572 1086 ridicule
1600 1047 1824 1096 additum,
1851 1048 2081 1095 tamquam

459 1123 638 1162 omnino
671 1133 756 1162 non
789 1133 941 1162 secum
974 1123 1177 1170 loquatur
1209 1123 1285 1162 sed
1318 1133 1413 1162 cum
1450 1123 1600 1162 altero.

518 1201 536 1237 1
581 1209 751 1238 SALTEM
794 1210 878 1238 Hoc
918 1210 1085 1238 ΜΟΕΒΙΤ
1125 1199 1233 1238 bene
1267 1199 1333 1238 bis
1365 1200 1529 1238 dictum
1566 1198 1695 1238 ‘licet'
1730 1198 1922 1249 ‘licebit’,
1954 1200 2080 1248 quasi

457 1276 508 1314 de
541 1285 587 1314 re
619 1286 780 1324 magna
811 1276 1037 1328 loquatur3
1070 1276 1213 1314 totum
1247 1285 1350 1323 ergo
1383 1275 1610 1314 amatorie.
1646 1276 1669 1313 2
1705 1285 1838 1314 caari-E
1870 1286 2079 1315 EXTREMA

458 1361 592 1390 LINEA
625 1354 667 1390 et
700 1352 780 1390 hoc
812 1353 950 1400 recte,
984 1351 1088 1399 quia
1121 1351 1311 1398 quinque
1337 1351 1479 1390 lineae
1507 1351 1724 1400 perfectae
1752 1354 1855 1390 sunt
1883 1352 1937 1390 ad
1963 1362 2078 1392 amo·

458 1438 576 1466 rem:
605 1429 748 1476 prima
775 1429 914 1476 visus,
944 1428 1137 1467 secunda
1162 1427 1362 1478 alloquii,
1389 1428 1521 1467 tertia
1548 1429 1713 1478 tactus,
1741 1430 1898 1476 quarta
1923 1427 2077 1477 osculi,

459 1505 611 1551 quinta
643 1505 797 1543 coitus.

630 1579 650 1614 3
691 1576 713 1599 *
752 1580 814 1614 An
853 1579 911 1615 sic
939 1580 1041 1615 dixit
1071 1581 1269 1616 ‘extrema
1297 1578 1413 1615 linea'
1443 1580 1783 1623 quemadmodum
1814 1579 1957 1615 dicitur
1984 1578 2077 1615 lon-

577 1633 655 1676 gis
683 1633 840 1669 lineis
871 1633 963 1677 quid
990 1635 1093 1679 fieri,
1123 1635 1161 1670 id
1191 1635 1254 1670 est
1284 1635 1330 1670 de
1359 1634 1610 1678 longinquo?

510 1715 664 1743 AMARE
691 1716 816 1744 HAUD
844 1716 969 1744 mim.
996 1717 1072 1745 EST
1101 1705 1278 1747 ‘amare’
1307 1706 1436 1744 modo
1453 1705 1566 1744 frui
1593 1715 1778 1744 amore
1805 1705 1933 1753 dicit;
1952 1704 2079 1744 Plau-

457 1782 529 1818 tus
558 1781 601 1819 in
630 1781 920 1820 Bacchidibus
949 1781 1083 1831 ‘prius
1110 1783 1239 1821 adero
1268 1792 1398 1829 quam
1426 1784 1470 1821 te
1498 1791 1647 1820 amare
1673 1782 1885 1820 desinam’
1909 1782 1953 1820 et
1970 1779 2079 1820 ‘sine

458 1858 500 1895 te
542 1858 703 1896 amem’
744 1856 800 1903 (v.
849 1859 946 1909 100,
991 1859 1042 1898 fr.
1090 1860 1170 1903 14).
1210 1859 1234 1897 2
1270 1869 1437 1899 vtLLAM
1471 1868 1722 1897 PRAETEREO
1755 1862 1902 1897 scmus
1934 1857 2079 1897 sciens

458 1933 652 1986 quidem,
686 1934 764 1973 sed
797 1945 884 1974 non
918 1935 1067 1974 minus
1101 1937 1272 1974 amator
1304 1945 1437 1983 quam
1471 1936 1606 1984 prius.

515 2011 533 2047 1
579 2020 657 2048 SED
704 2020 807 2055 Quin
850 2021 935 2050 Hoc
978 2021 1090 2056 QUOD
1134 2022 1291 2050 'rmmA
1324 2021 1479 2050 suniero
1513 2021 1760 2050 EGREDITUR
1797 2021 1989 2050 PYTHIAS
2023 2021 2078 2050 ex

456 2086 586 2124 huius
628 2087 773 2125 verbis
816 2097 1004 2136 persona
1045 2088 1089 2126 in
1133 2097 1339 2127 scaenam
1382 2087 1566 2126 veniens
1608 2088 1653 2126 et
1692 2088 1891 2126 locutura
1923 2087 2078 2126 descri-

457 2161 586 2201 bitur.
615 2163 638 2201 2
672 2162 718 2201 Et
744 2174 901 2202 TIMIDA
929 2164 1058 2203 modo
1086 2174 1237 2214 aegra,
1265 2163 1458 2213 turbata,
1490 2165 1735 2211 commota;
1757 2163 1941 2203 Plautus
1960 2159 2076 2202 ‘nam

455 2240 503 2277 ut
536 2249 591 2277 ex
633 2239 746 2278 mari
789 2240 945 2279 timida
988 2241 1049 2279 es‘
1094 2241 1183 2282 (Ba.
1234 2241 1330 2280 106)
1364 2241 1408 2279 et
1434 2240 1504 2279 hic
1535 2240 1628 2289 ipse
1663 2238 1882 2290 ‘uxorem‚
1916 2240 2075 2290 inquit,

455 2314 764 2353 Philumenam
798 2315 997 2364 pavitare
1029 2316 1179 2355 nescio
1212 2316 1314 2364 quid
1346 2316 1564 2354 dixerunt‘
1599 2315 1719 2357 (Hec.
1753 2316 1869 2357 321).

632 2390 649 2424 1
681 2399 823 2425 ΤΙΜΙΒΑ
848 2390 1019 2426 timens:
1045 2390 1151 2426 aliud
1182 2390 1366 2426 naturale
1390 2391 1472 2435 est,
1497 2390 1601 2426 aliud
1627 2391 1799 2427 eventus
1824 2391 1904 2436 est,
1931 2390 1976 2426 ut
2001 2389 2076 2426 ‘ad-

573 2442 670 2478 didit
707 2454 750 2480 se
789 2444 939 2480 sociam
975 2445 1206 2489 timidisque
1244 2445 1482 2490 supervenit
1509 2444 1653 2490 Aegle,
1684 2444 1873 2481 naiadum
1898 2443 2076 2489 pulcher·

573 2497 688 2533 rima’
717 2498 809 2540 (Ecl.
841 2499 877 2534 6.
908 2499 958 2534 20
989 2502 1074 2543 sq.).

513 2883 531 2919 1
577 2891 651 2918 UBI
695 2890 776 2918 ado
812 2891 947 2918 ILLUM
980 2890 1256 2919 SCELEROSUM
1287 2891 1450 2919 MiseaA
1483 2890 1626 2926 ATQUE
1659 2892 1818 2920 IMPIUM
1852 2890 2072 2919 INVENIAM

454 2957 497 2995 in
527 2958 607 2995 hac
632 2967 793 2995 scaena
819 2965 974 3004 operae
1001 2957 1191 3005 pretium
1219 2956 1452 2996 delectatio
1480 2958 1546 2996 est
1561 2957 1880 3006 spectatoribus
1897 2966 1952 2996 ex
1969 2965 2072 3004 que-

454 3032 544 3071 rela
575 3032 760 3071 ancillae
791 3031 970 3070 Thaidis
1001 3033 1133 3080 atque
1165 3042 1310 3072 errore
1341 3032 1594 3072 Phaedriae.
1629 3033 1654 3071 2
1685 3043 1761 3071 UBI
1792 3044 1830 3071 E.
1864 3043 1892 3071 1.
1925 3042 1959 3071 s,
1991 3032 2072 3071 hoc
