2242 3443
102 420 108 427 ’
151 443 225 480 755

149 667 226 707 754

150 821 221 859 757

151 973 224 1010 758

151 1187 224 1224 756

151 1317 222 1354 757

150 1393 222 1429 758

151 1619 224 1656 759

152 1769 226 1806 760

153 2075 224 2111 762

152 2225 224 2261 763

155 2521 227 2557 764

112 2582 115 2583 ⁷
155 2596 227 2633 765

1003 190 1055 227 91

468 314 484 348 1
526 322 739 349 MALEnrcrs
773 322 863 348 cum
893 313 1130 356 contemptu
1160 313 1354 356 loqueris,
1384 312 1609 347 convicium
1644 313 1759 357 facis;
1788 323 1902 357 appa-

414 368 474 402 ret
513 376 607 410 ergo
649 366 876 402 ‘maledicis'
907 366 1056 402 lentius
1086 366 1235 401 dictum
1264 376 1354 401 esse
1383 376 1473 400 eum
1504 366 1645 400 dixerit
1675 366 1747 401 ‘dio
1775 367 1903 402 olare'.

352 440 369 476 1
406 448 550 476 MIRUM
588 448 697 476 VERo
732 437 863 476 ‘vero‘
893 447 1023 485 saepe
1042 438 1093 476 ad
1130 438 1313 475 ironiam
1342 437 1541 475 refertur.
1573 437 1596 474 2
1625 447 1767 475 MIRUM
1796 449 1903 477 vnao

288 523 568 552 IMPUDENTER
609 513 719 552 bono
762 513 911 552 ordine
952 513 1124 551 locutus
1157 514 1245 551 est:
1280 512 1420 560 primo
1452 512 1570 550 enim
1604 522 1737 550 causa
1769 514 1902 561 impu-

294 589 469 628 dentiae
501 590 659 627 natura
692 590 776 638 est,
811 588 966 627 deinde
1000 588 1204 626 condicio.

349 665 373 704 5
409 666 454 710 [A
486 666 627 710 NOBIS]
651 660 675 706 ¹)
710 664 811 712 quia
845 663 884 702 ‘a
912 663 1048 702 nobis'
1077 673 1231 711 parum
1259 662 1616 712 intellegebatur,
1646 663 1715 702 hic
1742 664 1906 703 addidit

294 750 463 779 morem
497 740 759 787 meretricis,
795 741 841 777 ut
874 739 942 777 vel
975 740 1037 777 sic
1070 739 1300 787 intellegat
1331 748 1480 777 senex.

350 819 368 855 1
404 827 550 855 Annon
583 826 781 855 VIDEMUR
812 827 936 855 voms
970 827 1008 854 E.
1037 826 1064 853 1.
1096 816 1332 855 idoneus
1361 817 1428 854 est
1456 817 1584 863 aptus
1612 816 1664 854 ad
1692 817 1838 854 omnia
1866 817 1909 854 et

294 893 406 931 bona
438 894 482 931 et
514 892 645 931 mala.

351 970 370 1007 1
400 979 447 1007 m
477 977 635 1013 QUIBUS
658 979 723 1007 sm
740 978 977 1007 INLUDATIS
996 969 1039 1007 et
1066 967 1261 1007 inludo
1289 968 1342 1006 in
1369 969 1422 1006 te
1446 967 1636 1016 septimo
1655 977 1759 1006 casu
1778 969 1820 1006 et
1841 968 1907 1006 in-

293 1043 418 1083 ludo
453 1046 495 1083 te
528 1045 781 1083 accusativo
813 1044 1017 1083 dicimus.

466 1119 487 1153 2
511 1119 586 1154 Sed
613 1118 679 1153 ‘in’
706 1118 833 1162 primo
859 1127 1155 1162 supervacuum
1176 1118 1239 1153 est
1255 1119 1301 1153 ut
1318 1117 1389 1153 sit:
1408 1117 1553 1161 quibus
1569 1120 1619 1160 (α)
1637 1118 1908 1153 sioinludatis.

463 1198 486 1223 a
513 1198 565 1223 AB
594 1198 751 1224 ANDRIA
780 1199 850 1224 EST
880 1199 906 1224 A
948 1199 989 1224 H.
1020 1187 1150 1224 effecit
1179 1188 1281 1232 quod
1312 1188 1438 1223 voluit
1461 1188 1615 1233 Davus,
1642 1198 1735 1223 nam
1760 1188 1906 1223 intelle-

410 1242 470 1278 xit
498 1242 700 1288 Chremes,
731 1252 781 1278 ex
811 1252 890 1286 qua
919 1242 972 1278 sit
1001 1242 1211 1287 Pamphilo
1241 1243 1363 1278 natus
1394 1251 1491 1287 puer
1508 1241 1549 1284 2).

347 1314 371 1352 2
403 1324 550 1352 Annon
584 1310 774 1353 ‘adeone'
809 1315 858 1352 ut
892 1313 1042 1352 ‘adeon
1076 1313 1128 1352 ad
1162 1313 1309 1352 eum?
1344 1315 1399 1354 (v.
1435 1314 1550 1359 315).

344 1390 369 1428 3
403 1400 506 1428 vnm
538 1400 584 1428 IN
617 1400 814 1429 TEMPORE
846 1399 946 1428 oum
978 1390 1180 1438 provisus
1212 1389 1291 1441 sit,
1319 1389 1616 1428 intervenisse
1642 1389 1811 1437 <se>
1837 1399 1907 1437 pu-

294 1467 373 1504 tat.
408 1466 433 1504 4
466 1476 569 1504 viimi
602 1477 629 1505 1.
664 1477 702 1505 T.
737 1465 795 1504 ‘in
827 1465 1039 1514 tempore’
1071 1466 1328 1514 opportune,
1362 1475 1442 1503 nos
1469 1465 1562 1504 sine
1589 1465 1909 1513 praepositione

293 1540 481 1580 dicimus
512 1544 768 1590 tempore
802 1543 844 1580 et
875 1541 1122 1590 tempori.

344 1626 542 1656 PROPERA
569 1628 683 1657 Anno
711 1628 890 1656 PUERUM
918 1627 1107 1656 TOLLERE
1135 1616 1204 1656 1116
1225 1626 1380 1655 versus
1398 1617 1512 1655 clare
1530 1616 1704 1665 dicitur,
1723 1626 1910 1664 sequens

292 1702 346 1731 ne
378 1702 517 1732 senex
549 1694 713 1742 audiat,
747 1704 911 1743 presse.

350 1769 368 1806 1
401 1779 513 1808 <mvn
542 1779 752 1814 QUOQUAM
779 1780 836 1808 nx
862 1779 955 1808 1s'ro
983 1779 1183 1807 ExcEssrs
1199 1778 1303 1807 Loco
1322 1768 1570 1807 necessario
1588 1767 1736 1806 Davus
1753 1768 1911 1807 retinet

289 1844 519 1894 Mysidem,
557 1845 748 1883 nondum
783 1846 900 1884 enim
933 1845 1083 1883 omnia
1116 1844 1284 1882 audivit
1317 1843 1544 1892 Chremes,
1575 1844 1766 1882 nondum
1795 1854 1903 1882 corn-

291 1920 421 1969 perit,
455 1920 569 1959 unde
602 1920 660 1959 sit
692 1920 849 1959 mulier
882 1922 926 1959 et
957 1930 1062 1969 puer
1095 1920 1146 1958 de
1180 1929 1263 1966 quo
1296 1920 1528 1967 susceptus
1555 1919 1628 1957 sit.
1660 1919 1683 1957 2
1710 1929 1910 1958 Excnssrs

296 2005 374 2044 pro
406 1995 613 2044 excedas,
650 1998 698 2034 ut
732 1995 891 2035 ‘faxis’.

348 2081 404 2110 AT
446 2082 583 2110 ETIAM
626 2081 766 2110 RoeAs
809 2082 960 2110 rursus
994 2072 1185 2120 iurgium
1219 2071 1379 2119 repetit
1411 2072 1455 2109 et
1486 2070 1784 2109 turbulentam
1819 2081 1907 2109 ora-

325 2148 506 2187 tionem.

348 2232 453 2262 enno
487 2234 613 2262 emus
645 2235 682 2262 P.
719 2220 850 2262 ‘cedo'
885 2224 1000 2262 idem
1030 2222 1250 2271 significat
1277 2223 1387 2270 quod
1418 2223 1502 2261 dic
1535 2224 1578 2261 et
1603 2223 1665 2260 da
1692 2222 1827 2260 mihi
1855 2224 1909 2266 (α)

295 2299 337 2336 et
364 2301 430 2337 est
467 2299 633 2338 dictum
667 2309 766 2338 eum
800 2299 989 2346 quadam
1017 2298 1176 2337 fiducia
1203 2300 1245 2337 et
1273 2300 1527 2347 contemptu
1556 2298 1668 2347 eius,
1700 2308 1797 2336 oum
1826 2306 1908 2344 quo

294 2384 438 2414 sermo
471 2376 558 2424 est,
593 2375 908 2424 interrogantis
942 2375 1121 2423 aliquid.

464 2459 488 2483 α
527 2449 628 2493 Ergo
662 2449 948 2494 repetitionem
989 2448 1201 2493 significat,
1236 2458 1315 2484 non
1348 2457 1643 2492 supervacuam
1673 2446 1908 2483 orationem.

348 2529 479 2558 ΜΙΤΤΕ
509 2531 553 2559 11)
587 2531 699 2566 QUOD
732 2531 768 2559 s.
801 2522 881 2559 hoc
914 2520 1077 2559 lentius
1109 2522 1152 2559 et
1183 2520 1436 2558 summisse.

353 2595 373 2632 1
398 2606 492 2634 HEM
512 2606 614 2642 QUID
633 2606 850 2635 PAMPHILI
868 2598 1048 2645 apparet
1065 2596 1293 2634 mulierem
1314 2595 1478 2634 ‘vestri’
1497 2597 1538 2632 et
1558 2593 1802 2642 ‘Pamphili’
1822 2592 1907 2630 len-

295 2670 384 2708 tius
428 2672 735 2719 pronuntiasse
778 2682 910 2719 quam
952 2671 1100 2710 Davus
1142 2670 1276 2710 vellet
1317 2671 1360 2709 et
1401 2670 1496 2708 ideo
1538 2679 1655 2707 nuno
1697 2667 1909 2717 repetisse

296 2754 456 2784 nomen
489 2748 672 2786 ‘nostri‘?
705 2747 965 2796 Pamphili?’
997 2748 1020 2784 2
1049 2757 1143 2785 HEM
1170 2756 1272 2791 QUID
1300 2746 1408 2784 duas
1435 2755 1504 2783 res
1533 2745 1735 2792 operatur
1762 2742 1910 2781 Davus

298 2820 452 2860 simul:
495 2824 537 2861 et
568 2825 614 2861 ut
645 2823 979 2871 ignarissimum
1012 2833 1059 2861 se
1093 2822 1298 2860 ostendat
1330 2823 1373 2860 et
1406 2822 1454 2859 ut
1485 2819 1740 2868 Pamphilus
1772 2817 1907 2856 nomi-

298 2897 446 2945 netur;
474 2899 517 2936 et
542 2899 693 2946 argute
721 2899 879 2948 repetit
906 2908 1065 2937 nomen
1084 2896 1297 2945 Pamphili
1316 2896 1440 2943 quasi
1457 2906 1532 2944 per
1550 2893 1910 2943 indignationem,

159 3005 162 3007 ⁵
203 3014 227 3057 ¹)
249 3014 444 3051 Scholium
467 3017 632 3061 pertinet
656 3018 702 3053 ad
728 3030 760 3052 ν.
784 3017 861 3052 755.

198 3065 224 3110 ²)
248 3066 329 3102 Hoc
352 3067 468 3113 igitur
490 3068 674 3105 scholium
699 3070 746 3105 ad
771 3082 805 3106 v.
829 3069 897 3104 756
919 3068 1059 3113 legitur
1082 3068 1120 3103 in
1145 3067 1270 3102 medio
1297 3066 1441 3102 scholio
1465 3066 1541 3101 758.
1565 3066 1597 3100 2.
