2242 3443
285 226 312 252 ΙΙ
1035 221 1291 250 PRAEFATIO.

398 339 487 376 Non
531 339 692 385 exigua
733 348 839 376 sane
883 338 1032 375 textus
1068 339 1253 376 mutatio
1290 341 1393 376 nata
1425 341 1494 377 est
1525 349 1578 376 ex
1612 338 1829 386 frequenti
1861 338 2042 378 scholio-

279 425 374 452 rum
409 415 697 461 genuinoruni
733 414 1054 459 coniunctione,
1090 424 1199 461 quae
1233 414 1376 452 fornia
1410 417 1453 453 et
1485 417 1744 462 argumento
1776 416 1868 453 arte
1895 415 2046 453 cohae-

278 491 420 529 rentia
463 491 686 538 hucusque
731 492 880 527 tamen
925 490 1143 528 disiuncta
1187 490 1442 528 edebantur.
1487 490 1605 528 Haec
1646 491 1779 538 igitur
1812 499 1886 538 per
1919 491 2047 530 inter-

278 566 558 614 punctionem
593 565 817 613 leviorem,
851 567 926 603 aut
961 566 1170 603 restituta
1204 566 1357 614 copula
1392 569 1458 613 et,
1493 587 1549 592 ——
1583 566 1754 614 quoties
1787 565 2052 606 Wessnerus

279 651 377 679 eam
420 641 542 688 quasi
578 641 790 679 redactori
825 641 1017 679 debitam
1052 641 1276 679 inclinatis
1310 641 1472 680 litteris
1504 642 1838 690 exprimendam
1875 651 2050 681 curave·

283 720 362 762 rat,
412 739 460 744 —
507 726 842 764 nonnumquam
888 717 1020 755 etiarn
1056 718 1241 765 expulsa
1272 717 1609 765 interpolatione
1641 719 1683 756 in
1718 728 1853 756 unum
1884 718 2049 758 concin-

283 794 398 832 navi.
431 793 519 831 Hac
547 793 715 832 ratione
745 793 1003 831 coaluerunt
1031 793 1081 831 ad
1112 793 1321 832 Andriam
1347 793 1513 832 scholia
1530 794 1619 832 fere
1653 795 1965 843 octoginta,
1997 794 2050 833 ad

285 869 540 907 Eunuchum
582 871 804 907 centum
847 870 1057 917 viginti
1104 869 1361 917 quinque,
1399 870 1451 908 ad
1486 869 1708 918 Adelphos
1741 870 2051 918 octoginta,

284 945 336 982 ad
370 945 589 992 Hecyram
623 948 860 993 centum,
891 947 942 983 ad
976 945 1291 984 Phormionem
1326 946 1743 994 quinquaginta
1774 947 2052 994 quattuor.

344 1020 522 1061 Scholia
553 1022 768 1069 ampliora
800 1033 855 1060 ex
890 1023 970 1060 hac
1003 1022 1311 1061 coniunctione
1345 1025 1499 1061 exorta
1531 1023 1569 1061 si
1595 1022 1815 1061 adduntur
1841 1022 1987 1071 longis
2014 1023 2057 1061 et

287 1097 469 1144 integris
492 1092 532 1147 ¹),
581 1107 693 1144 quae
740 1098 828 1136 iam
873 1098 1033 1136 adsunt
1075 1099 1118 1136 in
1159 1101 1424 1147 commento,
1462 1097 1690 1138 conficitur
1723 1108 1935 1138 numerus
1966 1108 2054 1147 per-

289 1182 475 1220 magnus
509 1174 558 1211 ad
594 1174 794 1222 singulas
825 1174 1010 1223 fabulas,
1044 1175 1096 1213 de
1129 1174 1289 1223 quibus
1319 1175 1480 1224 valent,
1510 1184 1620 1223 quae
1647 1175 1804 1223 scripsi
1831 1175 1874 1213 in
1893 1175 2054 1224 praefa-

288 1249 404 1286 tione
433 1249 451 1286 Ι
480 1258 518 1296 p.
547 1248 583 1285 V
610 1259 689 1298 sq.,
719 1260 771 1288 ea
796 1251 837 1289 id
866 1251 978 1298 quod
1006 1250 1128 1289 locus
1156 1251 1394 1290 identidem
1423 1251 1617 1300 postulet
1639 1251 1869 1290 enuntiare
1887 1251 2060 1290 concise

288 1325 462 1372 quidem
483 1322 525 1373 2)‚
575 1325 649 1364 sed
698 1336 902 1365 sermone
951 1338 1057 1375 puro
1105 1329 1149 1366 et
1191 1338 1276 1366 non
1320 1338 1416 1367 raro
1460 1327 1653 1376 eleganti
1693 1326 1889 1375 nihilque
1919 1327 1963 1365 in
1996 1327 2060 1366 eis

289 1401 435 1439 inesse
468 1411 543 1439 cur
577 1402 823 1451 credamus,
859 1403 988 1446 aliter
1019 1414 1232 1452 umquam
1267 1406 1399 1452 atque
1431 1414 1549 1443 nunc
1581 1414 1628 1442 se
1654 1403 1818 1442 habent
1844 1412 1896 1442 ea
1922 1402 2060 1443 fuisse

289 1477 542 1515 constituta.
577 1477 781 1526 Quisquis
814 1480 960 1518 animo
993 1480 1166 1528 integro
1199 1491 1348 1528 neque,
1366 1480 1457 1519 ulla
1487 1481 1628 1518 adhuc
1659 1481 1944 1528 praesumpta
1975 1479 2059 1528 opi-

293 1553 418 1591 nione
446 1554 497 1593 de
526 1554 769 1592 commenti
795 1556 964 1604 origine
991 1557 1190 1596 imbutus
1215 1567 1266 1595 ea
1293 1556 1630 1604 examinaverit,
1651 1556 1726 1594 vix
1745 1555 1883 1595 oculis
1901 1555 2059 1604 credet,

292 1638 391 1666 curn
424 1628 579 1677 legerit
607 1639 659 1668 ex
688 1631 1002 1671 nonnullorum
1029 1634 1252 1672 sententia
1278 1634 1451 1672 sincera
1478 1632 1638 1672 Donati
1664 1631 1834 1671 scholia
1859 1632 1954 1681 ipsa
1971 1632 2062 1671 fere

293 1704 514 1743 interiisse
558 1715 694 1753 eaque
737 1710 929 1746 aetatem
972 1709 1284 1748 tantummodo
1317 1709 1474 1748 tulisse
1507 1719 1583 1758 per
1615 1708 1801 1747 duorum
1834 1707 2062 1747 hominum

295 1783 513 1830 excerpta,
571 1793 596 1820 a
652 1783 810 1830 quibus
867 1783 979 1832 ‘plus
1031 1785 1236 1825 minusve
1285 1786 1610 1825 transformata
1655 1787 1697 1824 et
1746 1793 2063 1833 saepenumero

296 1853 483 1894 mutata'
525 1858 615 1896 sint
630 1854 673 1906 ³).
717 1859 1007 1899 Examinator
1047 1861 1121 1900 ille
1165 1862 1380 1910 sincerus,
1426 1871 1556 1909 quem
1590 1861 1702 1909 volo,
1737 1870 1824 1899 non
1858 1861 1988 1899 modo
2019 1859 2062 1899 in

296 1931 563 1979 longioribus
608 1934 696 1973 illis
744 1936 923 1975 scholiis
965 1937 1087 1976 nulla
1131 1939 1347 1978 eiusmodi
1390 1937 1685 1976 mutilationis
1728 1927 1890 1976 indicia
1919 1936 2065 1977 inesse

298 2008 519 2057 concedet,
561 2010 635 2048 sed
679 2012 815 2050 etiam
859 2012 1064 2052 breviora
1094 2014 1131 2052 si
1165 2014 1423 2064 inspexerit,
1458 2013 1568 2052 nihil
1602 2023 1700 2053 esse
1732 2013 1958 2062 fatebitur,
1992 2022 2067 2052 cur

299 2092 385 2122 non
417 2085 481 2122 sic
513 2095 538 2123 a
569 2084 739 2125 Donato
773 2090 956 2127 exarata
987 2090 1078 2128 sint
1096 2085 1140 2135 4).
1175 2090 1323 2129 Unum
1357 2101 1464 2129 sane
1498 2089 1826 2129 concedendum
1858 2090 1938 2138 est,
1971 2087 2065 2128 fieri

350 2319 373 2361 ’·)
399 2318 498 2353 Cito.
518 2318 743 2364 longissima
780 2323 945 2357 tantum:
980 2323 1176 2370 Adelph.
1209 2325 1265 2360 26.
1297 2326 1374 2361 151.
1403 2325 1484 2361 210.
1515 2325 1570 2360 61.
1600 2325 1657 2359 88.
1687 2324 1742 2360 95.
1773 2324 1854 2362 302.
1878 2325 1910 2359 4.
1933 2324 1989 2360 30.
2011 2323 2067 2360 79.

302 2371 387 2406 423.
415 2372 471 2406 32.
502 2372 556 2406 58.
588 2373 642 2407 62.
667 2373 723 2408 76.
745 2374 801 2409 81.
825 2375 879 2410 94.
904 2376 983 2412 537.
1008 2378 1063 2412 41.
1087 2378 1142 2413 54.
1165 2379 1222 2414 85.
1245 2379 1301 2414 87.
1325 2379 1406 2416 643.
1430 2379 1485 2414 45.
1512 2379 1566 2413 48.
1591 2378 1646 2414 77.
1669 2379 1724 2413 81.
1749 2378 1804 2413 85.
1827 2378 1882 2414 92.
1906 2377 1986 2414 705.
2010 2377 2066 2412 28-

302 2423 357 2458 52.
389 2424 442 2458 89.
477 2424 532 2460 90.
564 2425 618 2460 96.
651 2426 729 2462 803.
760 2428 814 2462 35.
845 2428 900 2463 39.
931 2429 986 2463 42.
1010 2430 1090 2467 904.
1114 2431 1169 2466 29.
1193 2432 1248 2467 94.
1274 2433 1334 2467 Ad
1361 2432 1548 2476 Hecyram
1573 2434 1611 2467 et
1635 2432 1900 2467 Phormionem
1925 2430 2068 2475 longis·

301 2476 397 2511 sima
429 2477 590 2521 (praeter
615 2478 703 2513 Hec.
729 2480 764 2523 9)
790 2493 865 2515 non
891 2481 1154 2524 inveniuntur:
1180 2486 1275 2520 satis
1301 2486 1414 2529 longa
1439 2487 1529 2520 sunt
1554 2485 1663 2520 haec:
1693 2484 1798 2520 Hec.
1820 2484 1853 2519 6.
1876 2484 1909 2518 8.
1937 2483 1989 2518 11.
2015 2483 2068 2519 15.

304 2529 348 2563 57
372 2542 427 2574 sq.
451 2530 506 2565 66.
530 2531 583 2565 97.
609 2531 687 2567 114.
716 2532 767 2567 18.
791 2533 845 2567 23.
870 2535 925 2569 35.
949 2536 1004 2570 38.
1028 2536 1082 2571 71.
1108 2537 1161 2573 73.
1187 2538 1269 2574 205.
1293 2538 1348 2572 34.
1371 2538 1427 2573 63.
1451 2538 1506 2572 74.
1529 2538 1584 2573 86.
1609 2538 1690 2575 307.
1716 2537 1768 2572 18.
1791 2537 1847 2572 61.
1869 2536 1925 2572 64.
1945 2536 2000 2572 80.
2013 2536 2069 2572 93.

305 2582 389 2617 415.
417 2583 473 2617 40.
505 2583 559 2618 47.
590 2585 635 2619 58
666 2597 721 2629 sq.
748 2587 825 2622 516.
853 2587 908 2623 43.
932 2589 986 2623 63.
1012 2589 1056 2625 70
1089 2591 1144 2626 90.
1168 2591 1248 2627 600.
1276 2591 1327 2626 17.
1355 2592 1409 2627 19.
1433 2591 1488 2625 47.
1511 2592 1567 2626 98.
1596 2591 1673 2626 ἱ11.
1697 2590 1752 2625 27.
1775 2591 1831 2626 56.
1854 2589 1910 2625 72.
1934 2589 1988 2625 74.
2012 2589 2069 2625 97.

308 2635 483 2670 Phorm.
516 2636 570 2671 35.
603 2637 656 2671 43.
683 2637 738 2672 49.
762 2639 817 2673 57.
842 2640 895 2674 79.
920 2642 974 2677 95.
999 2642 1078 2682 107,
1105 2643 1156 2678 12.
1182 2644 1226 2679 20
1251 2657 1306 2688 sq.
1330 2645 1386 2679 31.
1410 2644 1465 2687 60.
1489 2644 1543 2679 86.
1570 2643 1652 2680 208.
1676 2643 1731 2679 67.
1751 2643 1806 2678 79.
1830 2643 1910 2680 311.
1936 2643 1989 2678 15.
2015 2642 2068 2678 17.

310 2688 360 2722 19.
384 2688 439 2722 34.
463 2688 508 2723 38
532 2701 587 2733 sq.
612 2690 657 2724 52
685 2690 722 2725 Β.
748 2692 792 2726 58
821 2692 861 2726 B.
885 2694 925 2727 61
957 2694 994 2728 Β.
1019 2695 1063 2729 68
1090 2695 1117 2729 Β
1154 2696 1194 2730 71
1225 2696 1265 2730 Β.
1291 2696 1335 2731 78
1359 2697 1404 2731 A.
1427 2697 1471 2731 90
1496 2697 1541 2731 Α.
1565 2696 1638 2732 426
1663 2696 1704 2732 Β.
1728 2696 1807 2732 746.
1830 2690 1885 2731 50.
1911 2695 1993 2732 946.

352 2742 378 2782 ²)
403 2741 456 2776 Ct.
482 2741 646 2783 muer,
672 2743 710 2778 in
744 2745 800 2779 ed.
826 2746 989 2791 Adelph.
1014 2760 1047 2782 a.
1074 2749 1161 2783 1903
1184 2750 1298 2793 praes.
1325 2763 1359 2794 p.
1386 2750 1427 2784 15
1451 2749 1538 2784 adn.
1563 2749 1593 2790 1,
1617 2749 1663 2784 de
1689 2748 1830 2784 Donati
1853 2748 1999 2784 scholio
2022 2747 2070 2784 ad

311 2806 342 2828 v.
367 2794 429 2828 90:
452 2794 600 2830 ‘Wobei
627 2796 693 2830 mit
718 2796 784 2831 der
812 2797 938 2834 Donat
962 2800 1121 2844 eigenen
1149 2802 1323 2837 Feinheit
1344 2803 1419 2837 und
1440 2802 1560 2837 Kiirze
1582 2802 1651 2837 das
1673 2801 1918 2837 wesentliche
1943 2802 2071 2837 Unter-

307 2847 724 2891 scheidungsmerkmal
759 2850 1066 2896 hervorgehoben
1101 2855 1214 2890 wird'.
1238 2855 1340 2890 ldem
1366 2856 1510 2903 primus
1534 2856 1610 2891 fere
1637 2856 1674 2891 in
1701 2855 1904 2890 Germania
1929 2854 2069 2890 Donati

308 2899 452 2934 scholia
476 2901 524 2935 ad
548 2901 710 2936 locorum
735 2903 1084 2948 interpretationem
1106 2907 1270 2951 singulis
1291 2909 1444 2953 paginis
1465 2908 1581 2944 semel
1602 2909 1816 2953 iterumque
1836 2909 1876 2943 in
1888 2907 2068 2943 auxilium

308 2952 466 2993 vocavit,
491 2953 528 2988 in
553 2966 628 2997 quo
653 2955 807 2999 egregio
835 2958 1007 2993 acumine
1033 2960 1161 3004 spuria
1185 2973 1306 3005 paene
1331 2973 1479 3006 semper
1502 2960 1655 2996 silentio
1681 2960 1843 2997 transiit.

354 3005 380 3047 ³)
408 3005 559 3041 Wessn.
584 3006 621 3041 in
647 3007 761 3052 praef.
787 3021 822 3056 p.
847 3010 967 3046 XLvi
992 3024 1047 3056 sq.

355 3058 381 3100 ⁴)
406 3058 619 3102 Supersunt
652 3072 743 3095 sane
776 3061 835 3097 hic
868 3063 943 3098 illic
968 3065 1113 3100 scholia
1138 3066 1288 3107 leviora,
1313 3067 1358 3102 de
1383 3080 1540 3112 quorum
1566 3067 1792 3102 auctoritate
1816 3079 1874 3102 me
1898 3065 2071 3101 dubitare

311 3110 505 3154 professus
529 3125 623 3152 sum,
647 3115 761 3157 atque
786 3115 986 3160 indaganti
1008 3118 1116 3162 plura
1141 3119 1357 3154 istiusmodi
1381 3132 1467 3155 sese
1492 3120 1660 3155 offerent.
