2242 3443
293 241 463 270 Annam
1133 231 1217 268 254

286 354 362 390 398
449 353 506 388 la
545 352 704 396 falsum,
740 353 961 388 secundum
1003 352 1043 387 D.
1076 352 1275 393 significat·
1304 353 1367 388 ‘ex
1384 351 1477 387 otio'
1508 351 1611 395 quod
1646 349 1799 394 differt;
1831 350 2047 395 sumptum

398 416 570 451 fortasse
600 424 649 450 ex
679 414 765 450 842.
798 414 833 450 3.
918 414 940 450 3
969 414 1084 450 iuxta
1115 414 1213 450 Don.
1244 414 1279 458 5,
1311 423 1383 450 nec
1414 423 1568 449 verum.
1729 461 1734 466 ¹

290 480 367 514 399
448 478 470 511 4
501 477 547 512 de
583 477 701 512 verbo
731 479 888 512 ‘tacere'
921 476 1020 511 Eun.
1051 476 1137 512 376.
1173 477 1204 519 1.
1235 475 1323 512 820.
1356 476 1389 512 2.
1479 475 1496 510 1
1529 475 1575 511 cf.
1605 475 1693 512 327.
1719 474 1754 510 2.
1838 474 1862 510 5
1885 473 1931 510 cf.
1959 473 2058 510 Dori.

396 539 440 583 4;
473 538 698 582 ‘correptio'
729 539 776 576 cf.
807 538 894 573 329.
927 538 962 574 3.

290 602 367 638 400
450 600 472 636 3
490 610 513 634 α
542 600 698 636 notavit
729 600 891 635 Wessn.

288 664 362 700 401
452 663 469 697 1
510 662 648 698 Melius
677 662 789 698 Serv.
820 662 869 697 ad
899 662 997 697 Aen.
1029 660 1124 697 237:
1157 661 1387 706 pollicemur
1417 662 1578 705 sponte,
1608 659 1737 704 rogati
1767 658 2060 704 promittimus.

399 725 495 760 Don,
527 725 574 760 ad
609 724 707 760 Eun.
743 723 831 760 308.
866 723 898 758 1.

290 787 367 824 404
451 786 474 822 2
512 796 532 821 e
575 795 721 829 genere
756 786 860 829 quod
889 784 1059 820 indicavi
1089 785 1136 820 ad
1166 795 1201 820 v.
1234 784 1329 829 2793
1360 784 1496 828 inepte
1524 784 1853 829 philosophatur:
1883 783 1931 820 ad
1960 782 2061 819 revi-

398 849 566 884 sendum
597 849 689 891 quid
718 849 843 891 agant
870 849 909 882 et
939 848 1030 890 quid
1060 856 1091 882 e.
1121 849 1280 891 captent
1312 856 1413 890 opus
1435 847 1500 882 est
1513 846 1663 890 apertis
1681 846 1804 882 oculis
1819 847 1859 882 et
1874 844 2060 881 auribus:

398 910 652 955 prudentiam
690 911 731 945 et
767 910 988 954 sagacitate
1018 910 1106 944 tum
1135 909 1310 953 demum,
1340 918 1430 944 cum
1459 911 1601 944 contra
1631 907 1852 944 machinari
1880 906 2061 952 incipias.

397 972 459 1008 3a
488 973 668 1008 eiusdem
698 973 819 1007 notae
843 974 883 1007 et
912 971 1081 1007 actionis
1111 971 1252 1006 divisio
1283 981 1303 1006 e
1328 970 1461 1007 schola
1487 973 1655 1015 sumpta
1679 970 1716 1006 h.
1742 970 1765 1005 l.
1788 979 1869 1005 are
1894 978 2060 1014 prorsus

400 1034 528 1070 aliena
555 1035 629 1070 est.
715 1033 738 1069 5
767 1032 925 1068 falsum.

292 1098 369 1134 405
452 1096 497 1132 cf.
527 1097 575 1132 ad
604 1095 689 1132 132.
774 1095 851 1132 406
882 1095 905 1130 2
933 1095 1138 1140 ineptum;
1174 1095 1220 1130 cf.
1256 1095 1355 1131 Don.
1386 1094 1475 1131 408.
1506 1094 1541 1130 3.

291 1160 366 1196 407
453 1159 477 1194 2
509 1159 550 1194 et
578 1157 655 1194 408
687 1157 710 1193 2
739 1158 785 1193 de
813 1157 976 1193 turbato
1007 1156 1252 1193 scholiorum
1283 1156 1419 1192 ordine
1447 1155 1660 1192 Sabbadini
1689 1156 1803 1192 Stud.
1833 1154 1922 1191 Ital.
1950 1163 1993 1190 1v
2020 1163 2060 1199 p.

402 1222 460 1265 14,
490 1222 555 1265 qui
586 1219 730 1255 merito
761 1221 979 1263 utrumque
1008 1220 1226 1255 damnavit.

291 1283 369 1320 408
451 1284 475 1318 4
504 1282 552 1318 cf.
579 1281 667 1317 937.
699 1282 722 1317 2
804 1281 828 1317 2
857 1291 881 1317 α
910 1282 1143 1326 exemplum
1173 1291 1253 1317 non
1281 1282 1483 1317 idoneum.
1566 1281 1645 1317 409
1676 1281 1694 1316 1
1726 1280 1771 1317 cf.
1801 1279 1889 1316 277.
1927 1280 1962 1316 2.

292 1346 370 1382 410
453 1345 477 1381 2
506 1344 606 1380 Eun.
636 1343 723 1379 390.
758 1343 789 1379 1.
875 1343 897 1379 3
926 1346 966 1379 et
996 1343 1019 1379 5
1047 1345 1190 1379 contra
1218 1343 1318 1381 Don.
1341 1343 1377 1379 4.
1409 1343 1486 1378 Mn.
1517 1343 1578 1379 32.
1610 1343 1699 1379 223.

292 1408 369 1445 412
453 1408 476 1443 2
509 1406 705 1442 scholium
740 1407 976 1449 suspectum
1003 1406 1158 1441 Donato
1179 1407 1317 1441 tamen
1335 1405 1436 1451 dedi,
1453 1406 1546 1449 quia
1562 1405 1747 1449 magistri
1763 1405 1811 1441 ab
1827 1404 2060 1441 oeconomia

398 1469 607 1505 indicanda
634 1467 754 1512 vulgo
783 1467 1012 1503 abhorrent.
1040 1466 1208 1503 Videtur
1239 1467 1360 1503 nimis
1392 1467 1567 1503 breviter
1590 1468 1722 1504 denuo
1746 1468 2060 1513 hocindicasse;

400 1531 544 1577 Byrria
571 1530 662 1565 huic
689 1528 885 1573 colloquio
913 1529 1097 1574 interest,
1126 1531 1171 1565 ut
1199 1529 1290 1565 inde
1319 1529 1462 1565 efficiat
1491 1529 1744 1574 Pamphilum
1775 1539 1943 1566 uxorem
1971 1531 2060 1566 duc-

400 1596 538 1629 turum
569 1601 659 1628 esse
687 1593 811 1635 utque
840 1591 948 1627 hunc
973 1601 1093 1627 suum
1124 1601 1300 1628 errorem
1330 1591 1503 1627 Charino
1530 1591 1713 1627 inculcet.

455 1655 477 1692 3
507 1654 552 1691 cf.
579 1653 804 1690 Euanthius
833 1663 879 1689 111
907 1653 942 1690 8.
1053 1654 1077 1688 4
1102 1654 1305 1698 Ambages
1330 1653 1480 1689 nullius
1504 1653 1633 1698 pretii.
1659 1654 1705 1689 In
1729 1653 1915 1699 exemplo
1939 1653 2060 1699 Verg.

401 1717 540 1761 regina
578 1725 658 1752 non
698 1725 863 1751 manum
898 1716 968 1751 sed
997 1717 1282 1752 extremam
1313 1725 1479 1751 manum
1508 1715 1693 1761 imponit,
1722 1717 1827 1760 quod
1855 1715 2059 1760 aliquanto
2137 1755 2140 1759 ,

401 1779 550 1823 differt;
594 1777 826 1822 exemplum
856 1777 1000 1822 Georg.
1030 1778 1254 1823 ridiculum,
1283 1778 1400 1822 quasi
1430 1778 1578 1814 ‘aratra
1605 1777 1838 1823 imperfecta
1868 1778 2059 1822 reliquan-

401 1842 492 1877 tur’.
523 1840 576 1877 Cf.
606 1841 706 1876 Eun.
740 1839 824 1876 166.
909 1840 932 1876 5
961 1840 1062 1876 Don.
1095 1840 1179 1877 169.
1211 1840 1245 1876 2.
1275 1840 1319 1876 ci.
1350 1840 1471 1885 praef.
1503 1851 1540 1886 p.
1569 1850 1641 1877 ΧΠ.

291 1903 369 1940 414
452 1902 552 1939 Vide
579 1903 832 1946 interpretes.
942 1902 1017 1938 417
1048 1903 1164 1939 iuxta
1195 1903 1294 1938 Don.
1325 1903 1359 1939 3.
1472 1903 1550 1940 420
1579 1903 1602 1939 2
1631 1913 1756 1948 supra
1783 1904 1836 1940 ad
1865 1903 1949 1940 184.

293 1966 370 2002 422
452 1965 476 2001 2
513 1966 624 2001 Serv.
663 1964 711 2000 ad
748 1964 848 1999 Aen.
885 1963 921 1999 9.
963 1964 1057 2000 192:
1089 1963 1280 2009 ‘poscere’
1310 1967 1350 2001 et
1379 1965 1540 2009 ‘petere'
1570 1965 1793 2002 secundum
1822 1965 2058 2002 Varronem.

402 2027 421 2063 1
439 2037 464 2063 α
491 2027 614 2071 igitur
643 2026 878 2070 ‘extorqueo
906 2035 999 2061 cum
1029 2026 1193 2070 gratia'l

292 2090 370 2127 423
453 2089 475 2126 3
506 2089 626 2133 Eugr.
655 2098 691 2133 p.
722 2088 784 2124 42.
871 2088 890 2124 1
921 2087 1027 2124 Nihil
1056 2098 1079 2125 a
1107 2098 1206 2125 rem.
1317 2089 1394 2127 425
1423 2089 1535 2126 SerV.
1567 2090 1616 2125 ad
1644 2090 1747 2128 Aen.
1775 2089 1811 2126 4.
1843 2089 1932 2127 373.

292 2152 370 2188 426
453 2151 471 2186 1
503 2151 605 2188 Eun.
634 2150 724 2187 732.
757 2151 789 2186 1.
875 2151 899 2187 2
928 2161 1054 2196 supra
1086 2152 1135 2187 ad
1164 2151 1228 2187 45.

293 2214 370 2250 429
452 2213 475 2249 3
505 2213 614 2249 SerV.
642 2213 689 2248 ad
719 2211 789 2248 Ge.
818 2212 855 2248 4.
884 2212 976 2249 128:
1005 2213 1183 2249 ‘memini
1201 2213 1360 2249 vidisse’
1378 2214 1546 2250 dicimus
1562 2216 1632 2250 aut
1648 2216 1689 2250 et
1705 2214 1883 2251 ‘memini
1898 2203 2057 2250 videre’.

399 2275 499 2311 Vide
526 2274 612 2313 libr.
645 2284 677 2310 S.
707 2274 719 2309 l
763 2284 799 2319 p.
834 2274 918 2311 162.

453 2336 517 2372 4α
545 2335 591 2372 cf.
621 2337 731 2372 Serv,
773 2337 872 2372 Aen.
901 2346 931 2372 11
963 2337 1021 2373 12.

293 2400 372 2436 430
454 2399 478 2435 2
497 2409 522 2434 α
550 2399 709 2434 notavit
737 2398 900 2434 Wessn.

292 2461 369 2498 432
451 2461 550 2504 Eug.
591 2470 626 2505 p.
666 2460 736 2496 43:
777 2460 814 2495 h.
853 2470 999 2497 scaena
1035 2461 1147 2498 dolos
1177 2462 1299 2499 habet
1336 2462 1549 2507 utriusque
1585 2472 1794 2508 personae.
1822 2463 1899 2498 Mn.
1930 2462 1979 2499 39
2007 2465 2056 2505 (a.

404 2523 518 2565 1911)
550 2532 586 2567 p.
620 2523 705 2559 174.

293 2585 370 2622 433
454 2585 500 2621 cf.
530 2585 578 2620 ad
608 2584 694 2622 587.
804 2583 883 2621 434
911 2585 974 2621 2a
1003 2587 1162 2622 notavit
1191 2587 1353 2623 Wessn.

293 2647 371 2684 435
455 2647 474 2682 1
506 2655 629 2690 supra
670 2646 717 2682 ad
751 2646 834 2682 184.
920 2647 943 2683 5
970 2648 1043 2683 Ad.
1076 2648 1162 2684 109.
1194 2649 1229 2685 2.
1315 2649 1378 2685 2a
1406 2649 1506 2685 Don.
1534 2648 1623 2685 434.
1654 2649 1691 2685 3.
1860 2692 1863 2697 Ι

293 2709 371 2746 436
454 2708 478 2744 2
516 2708 615 2743 Eun.
655 2707 743 2744 307.
779 2709 814 2743 4.
856 2709 928 2744 Ad.
972 2709 1058 2745 564.
1099 2710 1134 2746 3.
1232 2711 1257 2746 2
1283 2721 1308 2745 α
1344 2711 1478 2755 priora
1516 2713 1674 2747 notavit
1703 2710 1878 2754 Wessn.,
1906 2710 2059 2755 reliqua

400 2770 548 2806 hausta
576 2770 692 2806 credo
722 2779 772 2805 ex
803 2770 901 2806 Eun.
933 2770 1007 2807 337
1038 2772 1078 2807 et
1107 2772 1193 2808 660,
1227 2775 1260 2809 1.

293 2832 369 2869 437
453 2831 563 2868 Serv.
592 2831 641 2867 ad
670 2832 769 2867 Aen.
801 2831 835 2868 3.
867 2831 954 2868 671.
1047 2832 1125 2870 439
1156 2834 1174 2869 1
1205 2834 1251 2870 cf.
1282 2835 1331 2870 ad
1364 2834 1447 2870 199.
1535 2834 1595 2870 1α
1624 2834 1782 2870 Donato
1811 2834 1905 2870 dare
1933 2833 2055 2870 nolui.

293 2893 369 2930 441
457 2893 476 2928 1
506 2893 701 2937 ineptum.
786 2893 863 2929 442
895 2893 913 2928 1
944 2893 1043 2929 Eun.
1074 2894 1163 2931 632.
1197 2897 1231 2932 1.
1261 2896 1334 2931 Ad.
1363 2895 1450 2932 796.
1483 2896 1519 2933 2.

294 2954 372 2991 443
454 2955 488 2990 2.
518 2955 543 2989 4
572 2955 788 2998 utrumque
817 2964 897 2990 non
927 2965 1082 2991 verum.

294 3015 371 3052 446
454 3016 478 3052 2
504 3015 723 3051 conflatum
753 3026 774 3051 e
803 3016 926 3052 schol.
956 3017 1005 3052 ad
1035 3018 1132 3062 prol.
1166 3020 1199 3054 1.
1229 3019 1264 3063 6,
1295 3028 1385 3054 cum
1415 3019 1688 3055 additamento
1717 3018 1867 3063 inepto.

294 3077 369 3114 447
457 3079 475 3114 1
493 3087 518 3111 α
545 3077 701 3113 notavit
731 3077 895 3114 Wessn.

296 3138 372 3175 448
457 3140 476 3175 1
507 3138 553 3174 ci.
583 3140 632 3174 ad
662 3138 748 3174 356.
833 3139 857 3175 2
884 3139 999 3176 iuxta
1026 3140 1071 3177 D.
1102 3140 1137 3177 3.
