2242 3443
301 216 341 243 {V
1049 212 1307 242 PRAEFATIO.

299 330 382 368 und
417 329 493 368 auf
524 328 744 367 Versehen
781 327 865 366 und
900 327 1270 366 Unachtsamkeit
1301 327 1375 366 der
1403 326 1705 376 Kompilators
1731 325 1938 373 bernheri,
1967 325 2070 366 dass

296 405 388 443 sich
422 404 614 452 dagegen
650 402 845 451 hauflger
877 403 1026 441 solche
1056 402 1258 441 Scholien
1286 401 1445 451 finden,
1481 412 1583 440 von
1617 401 1794 440 denen
1828 402 1949 440 eins
1981 401 2068 440 die

298 480 710 528 Originalform
773 480 1031 527 gewabrt
1090 475 1245 527 hat¹),
1306 479 1408 517 dass
1455 478 1615 517 andere
1662 478 1730 516 die
1778 478 1946 526 Spuren
1993 477 2069 516 der

299 557 565 595 Retractatio
599 556 819 603 aufweisi,
854 556 920 593 dic
955 555 1124 594 froilicli
1161 555 1410 593 manchnial
1440 565 1489 593 so
1516 555 1669 603 gering
1695 554 1798 593 oder
1825 564 1874 593 so
1901 554 2072 593 schwer

297 643 347 670 zu
391 633 612 671 erkennen
659 633 770 678 sind,
807 632 909 669 dass
942 631 1010 669 die
1043 631 1371 679 Entscheidung
1405 631 1525 670 nicht
1558 631 1692 669 lcicht
1724 631 1783 669 ist
1803 627 1845 668 2).
1879 629 1980 668 Dies
2013 630 2072 668 ist

298 709 407 747 auch
450 709 527 746 das
561 708 796 756 Ergebniss
829 709 902 745 der
937 707 1293 755 Untersuchung,
1328 708 1396 746 die
1430 708 1479 745 K.
1518 708 1557 745 S.
1593 706 1841 745 VII—XIX
1873 705 2067 754 anstellt,

299 784 385 822 und
428 785 562 822 somit
605 783 802 823 befinden
849 784 927 821 wir
971 793 1053 821 uns
1093 783 1148 821 da
1181 783 1223 822 in
1257 783 1541 822 erfreulicher
1576 782 2071 830 Uebereinstimmung’.

417 859 725 899 Certissimum
769 869 871 897 vero
905 859 1091 897 duorum
1125 861 1432 908 excerptorum
1466 859 1675 898 indicium
1709 855 1793 900 viri
1824 859 1939 898 docti
1970 857 2071 897 inde

299 947 324 975 a
356 936 616 975 Sabbadinio
649 938 801 974 extare
834 937 991 983 putant
1022 936 1065 974 in
1101 936 1214 974 mira
1247 937 1489 975 commenti
1516 935 1659 974 forma
1686 936 1738 974 ad
1767 935 1945 975 Phorm.
1972 934 2068 984 113,

301 1012 372 1051 ubi
416 1012 468 1050 ad
512 1012 699 1050 eandem
744 1021 949 1049 scaenam
993 1021 1077 1049 non
1112 1021 1226 1050 unus
1260 1012 1336 1050 sed
1370 1012 1473 1050 duo
1506 1011 1859 1051 scholiorum
1892 1011 2070 1050 diver·

300 1098 485 1127 sorum
530 1087 761 1126 ordines
804 1087 846 1124 in
892 1087 1112 1126 codicibus
1146 1087 1340 1126 melioris
1372 1089 1502 1126 notae
1534 1088 1701 1127 servati
1733 1089 1852 1136 sunt,
1885 1096 2069 1135 quorum

301 1164 409 1202 alter
456 1164 645 1202 alterum
695 1163 871 1211 excipit.
922 1164 1072 1210 Itaque
1121 1163 1397 1212 Wessnerus,
1453 1164 1495 1202 in
1543 1164 1814 1213 praefatione
1847 1173 1886 1212 p.
1920 1162 2069 1210 XLVI,

301 1240 597 1278 coniecturam
632 1240 695 1277 sic
724 1239 813 1277 fere
843 1240 1003 1278 diserte
1031 1239 1295 1278 elaboravit:
1324 1240 1480 1278 incidit
1505 1240 1743 1287 genuinum
1772 1239 1932 1280 Donati
1956 1249 2069 1278 com-

302 1318 501 1354 mentum
533 1315 578 1353 in
610 1314 795 1352 duorum
829 1317 1138 1363 excerptorum
1170 1325 1340 1362 manus,
1371 1316 1444 1363 qui
1471 1317 1646 1354 servato
1675 1316 1868 1354 auctoris
1894 1315 2071 1354 nomine

301 1391 468 1431 scholia
515 1390 760 1429 maximam
808 1394 979 1439 partem
1027 1391 1124 1439 plus
1169 1392 1375 1430 minusve
1416 1392 1733 1430 transformata
1774 1393 1817 1430 in
1850 1391 2072 1431 Terentia-

303 1477 457 1506 norum
506 1467 703 1506 codicum
753 1468 975 1514 margines
1022 1467 1370 1515 transtulerunt;
1419 1470 1548 1507 sexto
1595 1468 1772 1507 saeculo
1813 1467 2073 1517 compilator

303 1544 461 1591 aliquis
507 1554 557 1582 ea
605 1543 702 1581 aliis
744 1543 1107 1582 adnotationibus
1147 1545 1363 1593 temporis
1404 1544 1529 1594 lapsu
1573 1545 1812 1584 admodum
1857 1546 1988 1584 aucta
2028 1545 2070 1582 in

299 1629 435 1658 unum
469 1629 622 1667 cogere
655 1618 838 1668 studuit,
875 1620 991 1658 hunc
1017 1620 1062 1658 in
1091 1621 1269 1659 modum
1300 1623 1348 1659 ut
1375 1621 1567 1669 primum
1585 1621 1784 1670 singulos
1802 1620 2071 1660 scholiorum

301 1696 474 1734 ordines
529 1695 642 1733 binis
699 1695 918 1734 columnis
970 1696 1097 1734 iuxta
1143 1697 1302 1744 positis
1349 1707 1404 1735 ex
1451 1697 1672 1736 codicibus
1718 1695 2071 1742 transscriberet,

299 1772 453 1811 deinde
484 1771 852 1810 Terentianorum
882 1782 1090 1811 versuum
1121 1773 1318 1811 ordinem
1349 1775 1529 1811 secutus
1556 1773 1863 1820 confunderet;
1889 1772 1932 1810 id
1960 1771 2074 1820 quod

301 1848 339 1886 ei
372 1857 458 1886 non
492 1857 668 1895 semper
701 1848 970 1896 contigit...
1005 1847 1112 1886 Cum
1151 1859 1253 1887 vero
1286 1859 1362 1897 per
1393 1851 1602 1897 quattuor
1635 1849 1702 1888 vel
1735 1849 1926 1897 quinque
1953 1847 2072 1887 fabu-

302 1923 368 1962 las
400 1923 442 1962 id
474 1923 638 1971 egisset
670 1923 835 1972 sedulo,
870 1925 918 1962 ut
950 1925 1060 1962 duos
1093 1926 1437 1964 commentarios
1469 1926 1510 1963 in
1544 1936 1678 1964 unum
1713 1926 2000 1964 concinnaret
2031 1927 2075 1963 et

302 1999 637 2047 contaminaret,
687 2000 729 2037 in
778 1999 1056 2039 Phormionis
1098 2001 1139 2038 II
1182 2002 1206 2039 3
1251 2000 1419 2040 abiecta
1451 2002 1595 2041 subito
1628 2002 1847 2041 industria
1877 2002 2073 2050 integros

303 2075 464 2123 posuit,
509 2076 701 2123 primum
741 2075 928 2114 alterum
962 2086 987 2114 a
1020 2087 1059 2114 v.
1095 2077 1117 2115 7
1154 2077 1206 2115 ad
1241 2088 1280 2116 v.
1315 2078 1386 2130 93,
1419 2078 1572 2117 deinde
1605 2077 1793 2116 alterum
1829 2087 1854 2116 a
1885 2087 1926 2116 V.
1961 2078 1986 2117 5
2019 2077 2073 2116 ad

305 2162 344 2190 v.
393 2152 461 2190 93.
507 2151 611 2189 Post
654 2152 767 2189 banc
810 2155 957 2190 autem
1002 2162 1210 2191 scaenam
1250 2164 1385 2191 unum
1420 2155 1593 2192 tanturn
1628 2153 1827 2193 ordinem
1859 2153 2074 2203 adhibuit,

305 2227 416 2266 unde
450 2228 719 2266 rarescentia
751 2228 918 2266 scholia
951 2229 1002 2266 ad
1036 2228 1214 2268 III—V.

425 2303 687 2343 Coniectura
730 2305 1088 2352 ingeniosissima
1131 2308 1176 2344 et
1207 2306 1349 2354 primo
1381 2308 1563 2355 aspectu
1595 2306 1769 2356 blanda,
1805 2306 1882 2346 sed
1914 2307 1959 2345 in
1992 2316 2077 2354 qua

307 2379 449 2419 multa
480 2382 583 2418 sunt
614 2389 725 2428 quae
759 2381 904 2418 acrius
936 2382 1126 2420 intuenti
1158 2381 1412 2430 scrupulum
1446 2384 1655 2421 moveant
1673 2378 1716 2424 3).

428 2455 626 2494 Primum
669 2441 885 2494 mira'mur
928 2467 1004 2495 cur
1045 2458 1302 2506 compilator
1334 2458 1502 2497 scholia
1533 2460 1762 2507 utriusque
1793 2459 1957 2498 codicis
1986 2468 2072 2498 non

305 2532 459 2570 statim
493 2532 544 2570 ad
572 2541 876 2580 quemcunque
905 2542 1082 2571 versum
1110 2534 1450 2584 transcripserit,
1480 2535 1707 2584 negligens
1734 2537 1904 2575 certum
1923 2544 2074 2574 eorum

308 2608 518 2655 ordinem,
562 2608 634 2655 qui
668 2607 735 2645 vel
770 2617 884 2646 nunc
916 2618 990 2656 per
1023 2611 1166 2647 totum
1200 2612 1506 2649 commentum
1538 2611 1582 2649 in
1615 2610 1798 2649 scholiis
1826 2610 2074 2660 multiplici-

308 2683 388 2722 bus
418 2682 507 2722 fere
539 2683 673 2730 deest,
708 2683 785 2721 sed
819 2693 996 2732 operam
1032 2685 1298 2724 laboriosam
1332 2688 1374 2724 et
1405 2696 1782 2734 supervacaneam
1815 2686 2073 2736 susceperit,

359 2846 382 2888 ¹)
409 2844 572 2879 Litteras
595 2857 667 2888 ego
693 2844 862 2879 distinxi.

358 2899 383 2940 ²)
412 2897 581 2941 Respicit
617 2897 790 2932 nimirum
830 2899 974 2934 scholia
1006 2901 1051 2933 ad
1087 2900 1278 2936 Andriam.
1310 2915 1408 2947 quae
1436 2902 1593 2937 tractavi
1621 2902 1636 2936 I
1660 2915 1695 2947 p.
1720 2902 1772 2937 lX
1799 2902 1869 2938 sub
1895 2902 2023 2937 littera
2046 2903 2074 2937 d

314 2952 350 2984 et
382 2950 428 2984 ad
463 2950 685 2985 Eunuchum
721 2951 785 2985 103
816 2954 849 2985 et
885 2951 961 2991 264,
995 2965 1028 2998 p.
1063 2952 1150 2987 XVI
1179 2966 1235 2998 sq.
1263 2954 1439 2990 Eiusdem
1465 2955 1606 2990 indolis
1633 2957 1725 2990 sunt
1746 2955 1792 2990 ad
1818 2954 1890 2990 Ad.
1913 2955 1968 2995 36,
1996 2953 2075 2994 507,

315 3002 360 3037 ad
393 3003 480 3037 Hec.
505 3003 583 3045 354,
607 3003 684 3042 431,
707 3003 783 3043 492,
806 3004 883 3043 647,
908 3005 954 3039 ad
983 3004 1075 3041 Pho.
1099 3006 1166 3041 359
1190 3008 1221 3041 A
1249 3009 1283 3041 et
1312 3007 1350 3047 Β,
1376 3008 1421 3042 dc
1446 3008 1586 3052 quibus
1611 3008 1696 3043 vide
1721 3008 1830 3043 infra.

358 3056 384 3096 ³)
411 3055 506 3090 Vide
537 3068 634 3100 quae
659 3058 706 3090 ad
732 3056 984 3092 coniecturam
1010 3058 1246 3094 refutandam
1273 3060 1360 3095 olim
1390 3061 1523 3105 scripsi
1550 3061 1588 3096 in
1614 3061 1754 3095 Mnem.
1781 3061 1867 3096 1904
1888 3073 1923 3105 p.
1948 3059 2016 3094 212
2038 3061 2076 3094 et

316 3108 382 3142 ⁵246
406 3121 462 3152 sq.
487 3111 523 3143 et
549 3109 586 3142 in
613 3108 708 3143 libro
733 3109 778 3143 de
802 3110 946 3154 origine
972 3113 1009 3145 et
1035 3124 1199 3156 compos.
1225 3125 1355 3147 eornm.
1379 3126 1412 3148 a.
1439 3114 1526 3148 1907
1549 3126 1584 3158 p.
1610 3114 1630 3148 7
1652 3116 1690 3148 et
1717 3113 1781 3148 144
1807 3126 1862 3158 sq.
