2242 3443
115 984 188 1020 537

118 1287 194 1322 539

127 1818 203 1854 540

129 2043 202 2080 541

132 2423 206 2459 542

136 2724 209 2760 543

947 171 1028 209 179

254 307 385 345 quam
433 297 609 337 illorum
656 308 751 337 esse
799 298 1039 346 credebam,
1091 300 1133 337 et
1182 299 1363 346 utinam,
1411 297 1523 345 quod
1567 298 1691 337 credo
1734 309 1864 347 penes

256 374 298 411 te
344 383 440 412 esse
484 374 671 421 culpam,
716 374 777 411 ita
820 384 916 412 esse
959 375 1076 411 certo
1120 374 1270 412 sciam.
1315 374 1339 410 3
1380 373 1527 420 <Alii
1570 374 1716 421 Sic:>
1759 374 1866 423 Quia

258 449 370 487 dixit
410 459 456 488 se
497 450 709 487 miseram
745 451 788 487 et
821 449 1006 487 miseros
1039 459 1125 487 non
1159 449 1242 487 nisi
1274 449 1530 487 innocentes
1562 449 1761 497 dicimus,
1796 449 1866 487 ille

257 525 338 563 hoc
379 525 632 573 respondet:
667 525 836 562 utinam
870 525 911 562 in
945 525 1026 562 hoc
1058 525 1231 571 negotio
1266 524 1473 562 miseram
1507 526 1563 573 te,
1598 535 1681 563 non
1714 525 1866 564 sceles-

259 603 351 638 tam
398 600 635 648 reperiam!
681 600 744 638 sic
791 599 1028 638 Sallustius
1073 598 1203 650 (HiSt.
1232 599 1281 638 fr.
1313 601 1394 638 inc.
1424 600 1478 639 25
1509 600 1577 644 Μ.)
1626 600 1770 647 ‘atque
1818 611 1869 639 ea

258 677 478 723 cogentes,
513 685 598 714 non
632 677 820 721 coactos,
849 675 1061 714 scelestos
1088 676 1231 723 magis
1258 685 1388 723 quam
1417 676 1603 714 miseros
1631 673 1871 724 obstringi',

259 752 302 789 et
334 751 430 789 ideo
462 752 659 799 sequitur
693 750 781 790 ‘sed
813 761 926 789 nunc
957 751 1064 789 mihi
1093 752 1135 789 in
1163 748 1389 790 mentem'.
1419 754 1472 792 (α)
1500 752 1525 789 4
1555 761 1671 789 NUNC
1697 762 1798 790 MIHI
1826 762 1870 790 IN

261 836 440 864 ΜΕΝΤΕΜ
474 837 602 865 VENIT
635 806 753 865 recte
788 825 945 874 ‘nunc’,
980 827 1106 874 quasi
1138 826 1247 864 alias
1277 826 1385 864 nihil
1419 826 1675 875 suspicanti.

431 900 453 937 3
484 911 508 936 α
538 903 827 944 argumentum
858 911 907 936 ex
937 901 1269 936 antecedentibus
1300 901 1414 936 dictis
1444 902 1482 936 et
1511 900 1637 935 factis.

323 981 342 1018 1
390 990 502 1026 QUOD
551 992 720 1020 LOGUTA
764 992 811 1019 Es
854 981 1015 1029 <Ο.>
1060 980 1196 1019 ‘olim’
1239 991 1314 1029 pro
1359 980 1502 1019 ‘'ante'.
1549 980 1572 1017 2
1617 991 1705 1019 CUM
1742 992 1873 1020 ILLUM

264 1065 471 1094 GENERUM
499 1067 684 1095 CEPIMUS
711 1059 760 1095 ut
792 1057 1067 1096 arbitrum
1103 1067 1301 1105 capere
1334 1056 1537 1102 dicimus,
1558 1055 1598 1092 id
1617 1057 1686 1093 est
1703 1056 1873 1105 eligere,

265 1134 305 1169 et
349 1142 446 1170 cum
489 1133 616 1171 laude
658 1133 832 1171 locutus
876 1135 942 1171 est
975 1132 1206 1181 Pamphili.
1240 1133 1264 1171 3
1300 1143 1482 1171 CEPIMUS
1515 1131 1743 1179 elegimus,
1778 1132 1876 1171 Ver-

265 1207 394 1255 gilius
427 1208 514 1252 (Ge.
536 1209 574 1247 2.
595 1209 694 1250 230)
729 1208 845 1247 ‘ante
878 1209 1024 1247 locum
1058 1209 1205 1258 capies
1238 1209 1403 1248 oculis'.

327 1285 345 1321 1
391 1294 479 1322 CUM
522 1295 572 1322 Eo
618 1285 723 1322 vire.
770 1286 792 1322 2
834 1295 908 1330 QUI
939 1295 1216 1323 MERETRICEM
1249 1296 1429 1323 AMARET
1463 1295 1536 1330 QUI
1570 1295 1876 1323 PERNocTARET

264 1369 386 1398 FORIS
429 1370 513 1398 non
547 1361 590 1399 in
624 1361 705 1399 hoc
737 1362 804 1399 est
837 1361 1073 1408 accusatio,
1109 1360 1222 1408 quod
1255 1361 1335 1399 hoc
1366 1361 1514 1399 locuta
1546 1361 1616 1409 sit,
1650 1361 1724 1399 sed
1757 1371 1877 1408 argu-

266 1437 462 1473 mentum
499 1438 578 1484 est,
614 1437 726 1483 quod
756 1436 897 1475 celare
931 1435 1117 1474 voluerit
1149 1438 1338 1484 partum,
1372 1446 1482 1483 quae
1515 1436 1595 1474 hoc
1627 1435 1730 1474 olim
1765 1436 1880 1474 dixe-

267 1512 347 1548 rat.
397 1512 422 1549 3
470 1522 778 1550 PERNocTARET
821 1513 995 1560 propter
1038 1511 1158 1559 illud,
1203 1511 1315 1559 quod
1361 1512 1534 1550 dixerat
1576 1513 1690 1555 (157)
1735 1511 1880 1559 ‘quid‘?

267 1585 433 1624 interea
465 1587 612 1625 ibatne
647 1587 698 1625 ad
727 1587 1022 1625 Bacchidem?
1058 1609 1095 1612 -
1131 1583 1324 1634 Cotidie’,
1355 1588 1380 1624 4
1411 1589 1453 1624 et
1481 1588 1584 1625 nota
1607 1586 1881 1624 familiariter

270 1661 351 1700 hoc
385 1662 565 1701 verbum
599 1663 698 1711 poni
732 1673 756 1701 a
788 1663 1004 1710 Terentio,
1039 1663 1101 1701 Sic
1129 1664 1173 1700 et
1199 1663 1242 1700 in
1270 1662 1476 1701 Eunucho
1502 1663 1654 1707 (immo
1682 1661 1760 1699 Ad.
1782 1662 1881 1709 531)

274 1737 361 1776 ‘Sed
394 1738 433 1776 Si
464 1739 533 1777 hic
565 1740 788 1787 pernocto,
823 1749 857 1777 c,
891 1749 930 1786 q.
965 1738 1018 1787 d.,
1055 1738 1142 1776 S.‘?'

334 1814 353 1851 1
384 1823 579 1859 QUAMVIS
607 1824 785 1852 CAUSAM
803 1815 883 1852 hoc
901 1815 1074 1862 propter
1093 1815 1385 1862 spectatorem
1405 1813 1574 1861 dicitur,
1593 1815 1641 1851 ut
1659 1814 1880 1861 gestorum

273 1889 536 1927 meminerit.
572 1890 595 1927 2
630 1898 753 1934 QUAM
786 1900 919 1927 IPSAM
951 1900 1101 1928 VERAM
1118 1900 1162 1928 M.
1182 1890 1283 1937 quia
1310 1888 1404 1927 sola
1422 1899 1476 1927 ex
1494 1889 1695 1927 omnibus
1713 1888 1881 1927 defendi

273 1974 360 2003 non
393 1966 550 2013 potest.

336 2041 355 2078 1
390 2050 534 2079 MULTo
567 2051 693 2078 PRlUS
720 2051 831 2079 scivi
860 2051 982 2086 QUAM
1009 2051 1065 2078 TU
1093 2051 1227 2078 ILLUM
1255 2050 1408 2079 omnes
1435 2040 1680 2087 gloriantur
1697 2039 1882 2087 prospici

274 2116 610 2164 ac<umine>,
646 2119 693 2154 ut
725 2114 821 2161 (Ad.
850 2117 950 2161 396)
980 2116 1041 2155 ‘ac
1069 2126 1153 2154 non
1182 2116 1288 2154 totis
1304 2116 1505 2162 <sex>
1523 2114 1748 2153 mensibus
1764 2114 1884 2162 prius

276 2191 538 2241 olfecissem,
583 2202 715 2240 quam
759 2192 831 2230 ille
873 2193 1104 2240 quicquam
1148 2192 1344 2230 fecerit?'
1380 2192 1403 2229 2
1437 2201 1581 2229 MULro
1616 2200 1741 2228 PRIUS
1774 2199 1884 2227 scrvr

278 2277 400 2311 QUAM
440 2278 495 2305 TU
538 2278 673 2306 ILLUM
714 2267 822 2306 bene
865 2267 1018 2315 pergit,
1064 2267 1164 2314 quia
1196 2266 1476 2305 taciturnitas
1508 2275 1583 2315 pro
1616 2264 1886 2304 confessione

277 2344 458 2395 accepta
488 2344 568 2382 est.

338 2420 357 2457 1
403 2428 553 2457 VERUM
594 2429 638 2456 ID
677 2428 830 2458 v1T1UM
863 2427 1084 2463 NUMQUAM
1116 2427 1298 2456 DECREVI
1331 2427 1429 2455 ESSE
1462 2417 1541 2455 hoc
1573 2415 1766 2463 intellegi
1800 2424 1884 2452 non

278 2496 436 2543 potest,
479 2494 565 2532 nisi
608 2492 793 2532 ‘vitium’
836 2494 902 2531 bis
934 2503 1116 2532 numero
1150 2489 1439 2532 subaudieris
1475 2493 1498 2529 2
1532 2500 1887 2529 ADULESCENTIAE

278 2570 438 2609 melius
470 2570 581 2608 dixit
614 2569 964 2608 ‘adulescentiae'
998 2578 1128 2615 quam
1164 2567 1424 2616 ‘Pamphili’,
1459 2570 1507 2605 ut
1533 2566 1643 2613 quod
1671 2567 1713 2603 in
1742 2567 1886 2603 aetate

279 2645 434 2694 fuerat,
467 2655 553 2683 non
585 2645 764 2683 timeret
795 2645 838 2682 in
872 2653 1044 2692 genero.

340 2722 360 2758 1
397 2730 492 2758 ΝΛΜ
524 2731 568 2758 11)
602 2730 793 2758 OMNIBUS
826 2729 1029 2757 INNATUM
1056 2729 1131 2756 EST
1161 2718 1323 2757 ‘amare
1351 2717 1394 2756 in
1423 2716 1749 2755 adulescentia’.
1779 2715 1803 2752 2
1831 2724 1886 2752 AT

282 2805 360 2833 Por.
402 2806 483 2833 IAM
521 2806 682 2834 ADERIT
716 2806 763 2833 SE
796 2804 965 2840 QUOQUE
997 2805 1131 2832 ETIAM
1165 2804 1253 2832 CUM
1286 2803 1440 2832 ODERIT
1472 2792 1582 2830 mire
1614 2791 1886 2829 senectutem

283 2872 461 2909 accusat
493 2880 640 2919 senex,
676 2880 774 2909 cum
808 2872 851 2908 et
882 2869 1079 2908 velocem
1112 2868 1303 2907 ostendit
1335 2868 1403 2905 his
1436 2866 1578 2905 verbis
1610 2867 1653 2903 et
1684 2864 1803 2902 addit
1831 2863 1889 2901 ‘se

281 2957 450 2995 quoque
482 2947 649 2994 oderit’‚
681 2946 805 2994 quasi
838 2946 976 2984 dicat:
1010 2955 1095 2984 non
1128 2944 1269 2983 solum
1302 2952 1387 2982 non
1416 2941 1594 2989 amabit,
1623 2940 1696 2978 sed
1723 2941 1767 2977 et
1793 2939 1889 2976 odio

282 3021 475 3068 habebit,
517 3024 558 3061 et
601 3032 686 3060 non
731 3022 895 3060 alienas
937 3020 1143 3059 mulieres
1185 3019 1314 3056 modo
1357 3028 1432 3055 nec
1474 3027 1570 3054 cum
1606 3017 1673 3052 his
1707 3024 1886 3051 uxorein
