2242 3443
883 221 1137 250 PRAEFATIO.
1861 226 1886 252 V

132 338 180 374 ut
226 337 292 373 tot
322 336 586 374 scholiorum
624 336 742 374 milia
775 337 893 384 prius
929 337 970 374 in
1004 337 1114 374 duas
1147 338 1377 376 columnas
1404 339 1529 376 iuxta
1557 340 1724 387 positas
1753 342 1888 377 trans-

128 411 261 450 ferret
292 412 336 449 et
367 411 465 449 dein
499 412 652 449 eadem
690 412 809 449 milia
844 412 1175 450 transcribendo
1209 413 1350 451 denuo
1385 414 1681 453 confunderet.

248 486 423 534 Deinde,
459 497 556 524 cum
591 487 765 525 ordines
797 487 833 524 A
868 489 911 524 et
944 487 975 524 Β
1004 488 1195 525 referant
1224 491 1432 537 excerpta
1461 499 1514 526 ex
1544 499 1627 527 uno
1656 490 1894 537 eodemque

131 563 380 600 commento
412 563 598 609 genuino
632 563 826 609 oriunda,
861 565 1174 611 exspectamus
1208 564 1299 602 fore
1333 568 1379 602 ut
1414 564 1557 611 aliqua
1590 565 1748 603 saltem
1783 576 1894 604 com-

131 638 278 676 munis
310 638 492 685 originis
527 638 714 685 vestigia
746 639 981 686 supersint,
1017 639 1099 677 hoc
1132 641 1199 677 est
1231 640 1397 678 scholia
1431 640 1519 678 fere
1548 641 1724 688 similia,
1754 641 1897 688 qualia

131 714 183 752 ad
239 723 392 752 omnes
438 713 607 751 fabulas
656 715 820 761 passim
868 714 1157 762 reperiuntur.
1208 715 1339 762 Atqui
1387 716 1656 754 contrarium
1705 716 1895 756 obtinet:

130 791 356 829 scholia
411 790 529 829 fere
586 791 806 828 similia
866 792 918 829 in
978 791 1283 830 ordinibus
1339 803 1572 840 prorsus
1626 788 1894 840 desuntl),

130 867 280 910 immo,
315 866 426 913 quod
459 867 601 914 magis
635 867 768 905 etiam
795 868 1034 915 miramur,
1064 868 1232 906 scholia
1261 869 1488 916 utriusque
1517 869 1684 907 ordinis
1713 868 1896 916 plerum-

129 953 211 990 que
238 943 299 980 ila
325 942 502 980 diversa
529 944 645 990 sunt,
675 944 721 980 ut
752 942 933 981 alterius
964 943 1183 981 confector
1212 944 1262 981 de
1291 944 1507 982 industria
1533 944 1737 982 omisisse
1756 943 1897 981 videa-

130 1020 210 1065 tur,
256 1028 366 1066 quae
399 1017 509 1056 alter
543 1019 628 1056 iam
666 1018 908 1056 rettulerat.
943 1019 1178 1057 Praeterea
1213 1019 1360 1057 alter
1393 1020 1522 1058 ordo
1555 1021 1591 1058 A
1626 1019 1780 1057 solus
1816 1018 1896 1056 bis

130 1094 353 1133 scholia
385 1095 617 1132 exhibet
650 1095 768 1133 fere
800 1091 1084 1141 similia2),
1121 1095 1247 1142 quod⁷
1282 1096 1319 1133 si
1353 1096 1648 1134 coniecturam
1684 1094 1893 1142 sequeris,

129 1171 208 1208 hoc
249 1169 481 1218 significat,
528 1173 752 1209 auctorem
796 1170 960 1208 ordinis
993 1172 1030 1209 A
1062 1170 1128 1208 bis
1159 1171 1367 1218 praebere
1400 1171 1482 1209 duo
1516 1171 1709 1209 eiusdem
1743 1159 1898 1208 scholii

129 1247 346 1294 excerpta,
407 1245 591 1284 alterum
651 1255 795 1293 suum,
854 1245 1041 1283 alierum
1064 1276 1071 1284 .
1093 1275 1129 1283 ..
1179 1246 1409 1284 cuiusnam
1459 1246 1760 1294 excerptoris?
1806 1255 1894 1286 non

128 1321 291 1360 ordinis
323 1322 369 1370 B,
404 1321 475 1369 qui
509 1321 576 1359 his
609 1321 715 1360 locis
747 1321 833 1360 alia
866 1315 1058 1360 exhibet.
1091 1321 1153 1360 De
1186 1322 1253 1360 his
1285 1324 1434 1360 autem
1469 1322 1692 1360 ordinibus
1719 1322 1897 1369 insuper

130 1398 236 1436 haec
268 1398 402 1436 etiam
435 1398 591 1436 notatu
625 1397 756 1445 digna
788 1399 904 1436 sunt.

248 1473 440 1521 Uterque
488 1473 591 1511 ordo
634 1483 709 1521 per
751 1483 797 1511 se
839 1473 998 1511 iisdem
1043 1473 1457 1521 interpolationibus
1497 1474 1744 1521 ceterisque
1774 1473 1896 1511 vitiis

130 1550 312 1598 laborat,
371 1559 480 1596 quae
538 1550 683 1587 totum
740 1551 1043 1587 commentum
1093 1548 1306 1597 inficiunt,
1356 1549 1479 1587 cuius
1526 1549 1659 1597 igitur
1704 1549 1894 1587 indolem

129 1628 310 1673 uterque
357 1624 544 1664 fideliter
590 1627 908 1673 repraesentat.
958 1625 1130 1664 Scholia
1177 1636 1303 1674 porro
1350 1628 1542 1664 tractant
1589 1636 1762 1674 semper
1808 1635 1897 1664 res

131 1702 392 1740 diversas
439 1702 636 1749 exceptis
685 1701 978 1749 tredecim,
1024 1702 1067 1739 in
1112 1702 1267 1748 quibus
1307 1702 1486 1740 eaedem
1520 1712 1590 1740 res
1623 1701 1898 1749 explicantur

131 1778 204 1816 sed
253 1778 372 1816 varie
420 1779 463 1815 et
510 1777 573 1815 sic
615 1777 790 1825 quidem
834 1779 881 1815 ut
925 1777 1064 1816 altera
1095 1778 1236 1815 denuo
1270 1777 1505 1825 explicatio
1538 1777 1727 1825 genuina
1758 1776 1896 1814 altera

131 1854 280 1902 spuria
313 1852 513 1891 habenda
546 1853 618 1901 sit,
652 1853 695 1891 in
729 1862 812 1900 quo
840 1853 887 1901 B,
917 1853 989 1891 ubi
1022 1853 1106 1891 bis
1133 1854 1281 1901 spuria
1308 1853 1470 1901 inveni,
1489 1853 1680 1891 multum
1699 1853 1896 1900 praestat

131 1929 270 1967 ordini
312 1929 362 1977 A,
405 1929 448 1966 in
481 1939 567 1975 quo
600 1929 856 1967 undecim
890 1928 1058 1967 scholia
1089 1928 1298 1967 Donateis
1330 1929 1454 1967 iuxta
1486 1929 1630 1977 posita
1662 1929 1738 1966 ant
1770 1937 1893 1975 oppo-

130 2006 215 2044 sita
261 2006 430 2044 semovi
450 2001 495 2048 ³).
545 2003 742 2043 Ordo'A
791 2005 925 2043 etiam
973 2005 1154 2044 inferior
1202 2006 1270 2043 est
1317 2005 1585 2044 scholiorum
1627 2013 1809 2042 numero
1853 2005 1896 2041 et

131 2081 438 2129 amplitudine:
479 2081 610 2119 habet
642 2081 809 2120 scholia
838 2083 1119 2129 septuaginta
1151 2082 1354 2130 quinque,
1388 2091 1497 2130 quae
1531 2082 1575 2119 in
1609 2081 1711 2119 edit.
1745 2079 1894 2118 Wesn.

130 2156 369 2196 versiculos
387 2157 565 2205 explent
583 2156 802 2205 CCXCIH,
822 2157 855 2195 Β
873 2157 1095 2205 octoginta
1113 2159 1158 2195 et
1174 2167 1310 2195 unum
1328 2157 1372 2195 in
1392 2157 1622 2196 versiculis
1635 2153 1891 2201 CCCXCVI;

129 2233 172 2271 in
213 2233 281 2271 his
322 2232 502 2271 scholiis
544 2234 581 2271 A
622 2233 772 2281 spuria
815 2233 995 2271 tradidit
1028 2232 1186 2281 XXIV,
1219 2233 1253 2271 B
1285 2233 1422 2271 XVII.
1457 2233 1522 2272 Ad
1556 2232 1699 2271 locum
1733 2229 1893 2269 difficil·

129 2308 286 2346 limum
319 2309 363 2347 in
397 2319 436 2347 v.
474 2309 558 2347 368
592 2310 628 2347 A
664 2310 796 2357 tacet,
830 2309 863 2346 B
894 2308 1120 2357 opiniones
1152 2310 1359 2356 quattuor
1390 2309 1679 2356 interpretum
1707 2305 1893 2344 rettulit.

131 2376 326 2432 Denique
368 2385 550 2431 uterque
592 2384 695 2422 ordo
737 2384 918 2422 scholiis
955 2394 1085 2432 saepe
1118 2386 1260 2433 vacat,
1293 2384 1368 2422 sed
1399 2394 1497 2422 raro
1530 2384 1583 2422 ad
1616 2391 1772 2421 versus
1804 2390 1891 2420 eos-

132 2459 243 2498 dem.
276 2459 394 2498 Haec
426 2460 574 2498 omnia
600 2459 908 2508 reputantibus
935 2460 1222 2498 manifestum
1253 2459 1334 2498 erit
1358 2459 1532 2498 ordines
1558 2459 1778 2497 derivatos
1797 2467 1894 2496 esse

133 2545 154 2572 e
199 2535 393 2573 fontibus
442 2535 633 2573 multum
681 2535 881 2583 diversis,
931 2545 1117 2583 quorum
1161 2535 1270 2575 alter
1314 2535 1504 2574 alterum
1548 2535 1743 2573 bonitate
1775 2535 1891 2571 ante-

134 2611 331 2650 cellebat.

179 2837 200 2879 ¹)
225 2836 376 2872 Scholia
406 2850 561 2880 prorsus
594 2837 669 2872 fere
700 2837 840 2872 similia
872 2838 1013 2872 adsunt
1044 2838 1116 2873 tria
1143 2837 1384 2872 brevissima:
1409 2837 1476 2871 363
1499 2838 1533 2871 A
1559 2841 1683 2880 ‘opera
1706 2835 1892 2879 septimus

135 2900 244 2923 casus
278 2889 358 2924 est’.
383 2889 450 2924 372
475 2891 508 2924 A
533 2891 640 2925 ‘male
666 2890 780 2934 loqui’
806 2903 872 2936 pro
898 2891 1130 2925 maledicere.
1155 2890 1223 2924 373
1247 2890 1457 2935 exemplum
1486 2889 1733 2923 Lucilianum.
1758 2887 1798 2921 In
1825 2886 1892 2921 363

136 2943 172 2976 et
194 2941 261 2976 372
287 2942 315 2976 Β
340 2942 448 2989 plura
473 2943 599 2986 habet,
627 2943 665 2978 in
690 2943 758 2977 373
781 2943 825 2977 A.

94 3033 97 3035 ,
178 2994 831 3036 ²)371A1et2,420A1et2.

150 3079 154 3082 .
180 3046 206 3088 ³)
230 3046 325 3082 Vide
353 3048 400 3083 ad
425 3061 503 3083 vss.
527 3048 606 3083 358.
629 3049 683 3082 59.
708 3049 762 3083 60.
787 3044 922 3083 61563.
948 3048 1016 3082 bis.
1041 3049 1095 3082 65.
1119 3048 1174 3083 67.
1203 3048 1260 3083 72.
1281 3047 1334 3081 74.
1360 3047 1414 3082 75.
1438 3047 1491 3081 77.
1516 3046 1594 3085 426,
1619 3058 1663 3080 ex
1688 3045 1827 3089 quibus
1852 3043 1889 3078 in

141 3097 168 3131 B
192 3099 300 3134 obelo
324 3101 454 3135 notavi
478 3101 545 3136 360
569 3103 606 3136 et
629 3101 705 3136 375.
