2242 3443
3 399 11 487 o—-m
2 371 11 389 v:

907 230 1160 259 PRAEFATIO.
1884 236 1905 261 V

149 342 256 391 dixi,
298 353 408 391 quae
453 353 538 382 non
581 344 837 392 posterioris
879 344 1063 383 alicuius
1105 346 1358 393 interpretis
1402 356 1581 385 manum
1626 349 1734 386 satis
1777 350 1908 386 certis

150 418 321 458 indiciis
352 418 598 468 proderent.

266 494 431 533 Indicia
463 494 538 533 illa
566 494 704 543 primo
731 494 823 533 loco
851 495 994 543 posita
1019 497 1126 534 sunt
1150 496 1191 534 in
1211 496 1346 534 nimia
1362 496 1624 535 scholiorum
1645 498 1907 541 similitu,

151 569 275 609 dine
318 571 394 608 aut
435 570 848 618 discrepantia,
892 570 1093 617 quocirca
1130 570 1181 608 ab
1225 581 1309 609 uno
1341 571 1579 619 eodemque
1612 572 1785 611 homine
1821 583 1909 621 pro-

148 645 264 685 fecta
295 656 391 686 esse
423 648 655 694 nequeant.

266 722 461 761 Secundo
494 722 588 761 loco
620 721 915 771 suspicionem
954 724 1134 762 movent
1168 722 1504 762 emblemata
1529 723 1572 761 in
1600 724 1705 771 ipsis
1732 724 1906 762 scholiis

148 798 351 846 genuinis
393 801 437 838 et
478 799 860 838 additamenta
902 799 1108 847 inepta⁷
1155 809 1337 846 quorum
1381 799 1521 838 multa
1562 800 1650 838 iam
1683 799 1761 836 viri
1794 799 1906 837 docti

147 873 539 923 deprehenderunt,
568 874 786 923 imprimis
819 874 1107 913 Sabbadinius
1140 876 1183 913 et
1209 874 1483 913 Wessnerus.

265 948 441 988 Certum
490 950 743 998 posterioris
784 949 962 998 originis
1005 950 1309 988 testimonium
1343 950 1551 989 exhibent
1587 960 1711 998 porro
1744 950 1908 989 scholia

147 1025 379 1073 quaedam,
423 1035 509 1064 non
552 1027 724 1064 textum
758 1025 1073 1066 Terentianum
1107 1025 1392 1074 illustrantia,
1433 1026 1509 1064 sed
1542 1025 1698 1064 Donati
1733 1026 1908 1064 adnota-

118 1101 307 1140 ›tionem
339 1102 416 1140 aut
445 1101 696 1150 exemplum
729 1111 838 1149 quae
869 1102 1144 1150 praecedunt.

262 1177 488 1217 Postremo
523 1178 616 1217 loco
648 1178 915 1217 semovenda
942 1188 1038 1217 esse
1066 1177 1170 1216 duxi
1197 1177 1415 1227 permulta
1441 1177 1623 1226 scholia,
1655 1188 1762 1225 quae
1786 1187 1902 1225 prop-

146 1254 211 1291 ter
253 1253 456 1302 exempla
497 1253 625 1293 rebus
668 1264 753 1292 non
797 1254 1011 1302 apposita,
1055 1253 1324 1293 differentias
1361 1253 1513 1302 falsas,
1547 1254 1726 1292 inventa
1763 1254 1907 1301 inepta

108 1337 112 1340 ·
147 1328 316 1378 aliaque
358 1329 466 1368 vitia
505 1330 666 1368 diversi
698 1331 871 1378 generis
901 1329 1070 1368 Donato
1103 1329 1281 1378 indigna
1313 1339 1409 1368 esse
1443 1330 1710 1377 viderentur,
1743 1330 1785 1368 in
1818 1329 1903 1376 qui-

147 1404 228 1444 bus
259 1405 394 1445 etiam
426 1415 570 1445 sermo
598 1407 822 1445 auctorem
854 1405 1039 1444 minoris
1070 1407 1200 1444 notae
1228 1405 1356 1453 vulgo
1387 1405 1655 1444 ostendebat.

265 1481 513 1530 Antequam
550 1482 602 1520 ad
635 1481 808 1530 singula
840 1481 1000 1520 indicia
1031 1481 1279 1520 accuratius
1312 1481 1589 1530 explananda
1630 1483 1824 1528 transeO,
1859 1480 1908 1518 de

147 1556 198 1595 de
231 1556 337 1605 ipsis
368 1557 547 1597 scholiis
573 1557 783 1597 Donateis
814 1558 895 1596 hoc
926 1557 1297 1606 praemonendum
1330 1559 1407 1596 est.

264 1632 423 1681 Negari
449 1643 536 1672 non
563 1635 710 1682 potest
734 1635 910 1673 exstare
936 1633 979 1672 in
1007 1634 1254 1672 commento
1282 1629 1449 1672 scholia
1474 1633 1588 1671 haud
1615 1642 1768 1681 pauca,
1797 1642 1905 1679 quae

146 1709 207 1757 id,
250 1709 361 1757 quod
403 1708 525 1748 locus
566 1719 739 1759 semper
779 1709 989 1758 postulet,
1022 1708 1147 1758 plene
1179 1708 1392 1757 planeque
1425 1708 1671 1756 enuntiant,
1705 1717 1906 1746 sermone

145 1784 255 1824 satis
285 1775 468 1833 puroet
499 1795 586 1824 non
618 1795 714 1824 raro
746 1785 934 1834 eleganti
966 1788 1008 1824 et
1045 1785 1088 1824 in
1122 1784 1278 1832 quibus
1310 1784 1419 1823 nihil
1452 1786 1518 1823 est
1551 1794 1624 1822 cur
1656 1783 1902 1831 credamus,

145 1870 197 1899 ea
236 1860 363 1900 aliter
404 1870 612 1909 umquam
654 1863 783 1909 atque
825 1871 939 1900 nunc
977 1871 1024 1899 se
1063 1860 1226 1900 habent
1266 1859 1403 1899 fuisse
1436 1860 1690 1899 constituta.
1724 1859 1903 1897 Praeter

145 1936 311 1976 scholia
351 1937 404 1976 ad
447 1943 705 1976 scaenarum
746 1937 871 1976 initia
912 1937 1081 1984 aliaque
1114 1936 1223 1975 mihi
1256 1936 1383 1975 modo
1416 1935 1591 1974 laudata
1623 1938 1675 1983 (p.
1709 1935 1771 1972 III
1803 1945 1901 1972 cum

147 2013 244 2051 adn.
274 2012 329 2062 1),
371 2013 514 2052 multa
555 2014 638 2052 huc
681 2014 901 2062 pertinent
940 2012 1139 2061 longiora
1180 2014 1257 2051 aut
1293 2012 1509 2059 breviora,
1541 2011 1584 2049 in
1617 2010 1772 2058 quibus
1803 2010 1903 2057 quid

146 2088 383 2128 desiderari
419 2089 511 2128 iure
538 2089 676 2138 possit
697 2099 783 2128 non
809 2088 937 2128 facile
959 2088 1114 2136 aliquis
1133 2087 1374 2127 ostenderit
1399 2084 1439 2131 ¹).
1459 2087 1578 2126 Haec
1595 2086 1726 2134 igitur
1742 2085 1907 2124 scholia

146 2199 361 2243 generale53
392 2212 488 2235 nous
523 2202 724 2235 contenter
751 2200 800 2235 du
828 2202 924 2236 terre
949 2202 969 2235 a
995 2202 1090 2235 terre
1117 2200 1181 2244 qui
1207 2199 1256 2234 du
1282 2199 1404 2234 moins
1425 2200 1482 2233 esi
1507 2203 1581 2233 sur.
1605 2197 1805 2232 Pretendre
1832 2209 1906 2231 em-

146 2252 296 2288 brasser
328 2252 363 2287 le
399 2253 665 2288 commentaire
701 2253 797 2288 dans
834 2266 903 2289 son
935 2253 1126 2288 ensemble
1130 2279 1225 2293 .....
1257 2251 1456 2297 pretendre
1476 2251 1724 2286 reconstituer
1747 2253 1768 2284 a
1791 2250 1904 2295 priori

146 2303 330 2349 l’orginal,
361 2309 588 2351 yenuinum
623 2307 899 2342 Commentum
923 2307 1092 2349 Donati,
1121 2308 1177 2341 est
1203 2306 1288 2340 bien
1315 2305 1400 2349 plus
1425 2304 1653 2348 chimerique
1678 2315 1819 2338 encore.
1845 2303 1901 2338 On

144 2358 312 2401 pourrait
341 2359 463 2404 plutei
496 2359 573 2394 s'en
608 2360 834 2404 rapprocher
867 2372 912 2394 en
950 2371 990 2394 se
1024 2359 1187 2394 limitent
1207 2360 1229 2392 a
1253 2357 1388 2392 Petudo
1410 2357 1476 2391 des
1500 2356 1635 2392 scolies
1659 2356 1904 2391 elles-memes

144 2412 182 2445 et
208 2423 254 2446 en
279 2411 455 2455 profitanf
479 2412 546 2447 des
569 2412 700 2457 signes
725 2424 887 2447 connus:
919 2412 1168 2456 (repetitions,
1194 2410 1500 2448 contradictions,
1524 2409 1700 2444 citations
1725 2408 1904 2444 d'auteur.

144 2458 294 2507 langue,
327 2466 412 2506 etc.)
444 2477 538 2509 pour
566 2466 729 2509 degager
752 2465 801 2500 du
826 2467 926 2500 reste
952 2477 993 2499 ce
1017 2465 1080 2508 qui
1106 2476 1127 2499 a
1153 2476 1202 2508 pu
1227 2466 1304 2498 etre
1331 2463 1363 2498 le
1390 2474 1514 2506 noyau
1539 2461 1712 2506 primitis:
1736 2473 1802 2505 par
1825 2472 1905 2504 pru·

144 2515 272 2556 dence,
304 2516 332 2552 il
366 2530 447 2552 sera
483 2518 556 2552 bon
588 2517 743 2552 d’eviter
778 2517 833 2552 les
865 2517 1112 2552 affirmations
1150 2518 1232 2560 trop
1260 2515 1453 2550 absolues:
1480 2514 1566 2549 telle
1591 2516 1648 2549 est
1674 2514 1707 2547 {a
1731 2512 1900 2547 methode

147 2581 218 2613 que
243 2569 281 2614 je
305 2570 477 2615 concois’.

237 2622 259 2665 ¹)
286 2621 466 2667 Exemplo
489 2622 566 2658 sint
593 2623 684 2657 haec
709 2622 878 2658 Scholia:

236 2674 296 2709 Ad
328 2675 567 2710 Andriam:
605 2675 657 2715 14,
687 2675 741 2709 45.
776 2675 803 2714 1,
828 2675 883 2710 55.
907 2674 939 2714 2,
962 2674 1016 2710 62.
1043 2675 1072 2713 1,
1096 2674 1149 2709 75.
1174 2674 1205 2708 2.
1230 2673 1262 2713 3,
1284 2673 1338 2711 88,
1363 2673 1395 2715 4,
1423 2672 1501 2708 105.
1524 2672 1556 2711 3,
1583 2671 1633 2706 19.
1657 2670 1688 2709 3,
1713 2670 1765 2703 39.
1789 2669 1820 2707 5.
1846 2667 1901 2705 67,

148 2726 180 2765 2,
206 2726 260 2762 73.
284 2727 316 2767 4,
340 2727 420 2763 208.
444 2727 481 2761 2.
502 2727 534 2767 4,
560 2728 612 2762 19.
640 2729 667 2767 1,
692 2727 747 2762 26.
773 2727 804 2767 4,
827 2727 883 2767 66,
907 2727 962 2762 68.
987 2727 1019 2766 3,
1044 2727 1097 2761 74.
1125 2727 1153 2766 1,
1180 2726 1234 2761 78.
1259 2726 1290 2765 4,
1315 2725 1393 2761 315.
1419 2725 1450 2758 2.
1474 2726 1506 2763 3,
1533 2724 1583 2758 19.
1611 2724 1639 2762 1,
1663 2722 1716 2757 30.
1740 2721 1771 2759 2,
1794 2720 1846 2754 47.
1874 2720 1905 2759 1,

148 2778 201 2813 52.
237 2779 268 2818 2,
302 2779 357 2814 54.
387 2780 419 2819 5,
451 2780 506 2814 69.
539 2780 569 2819 1,
599 2779 654 2815 94.
679 2779 762 2820 425,
787 2779 842 2814 47.
865 2780 897 2819 2,
923 2779 977 2814 70.
1004 2780 1033 2819 1,
1053 2779 1109 2823 83,
1133 2779 1188 2819 85,
1212 2778 1266 2813 87.
1294 2779 1323 2817 1,
1348 2778 1426 2814 539.
1452 2777 1481 2816 1,
1506 2776 1559 2815 44,
1584 2776 1637 2810 46.
1661 2776 1689 2814 1,
1713 2774 1791 2809 610.
1819 2775 1847 2806 1.
1870 2772 1902 2810 2,

150 2830 202 2865 18.
233 2831 266 2871 2,
296 2831 351 2867 21.
381 2832 416 2872 2,
444 2832 501 2868 29.
535 2833 568 2867 2.
602 2835 631 2873 1,
655 2833 710 2868 43.
733 2833 765 2872 2,
790 2834 843 2873 55,
870 2833 925 2872 96,
950 2832 1028 2867 702.
1053 2834 1086 2871 2,
1108 2831 1140 2866 7.
1168 2832 1198 2875 1,
1222 2832 1255 2866 8.
1281 2833 1314 2870 3,
1340 2832 1391 2865 10.
1419 2831 1447 2869 1,
1474 2830 1525 2864 18.
1552 2830 1580 2868 1,
1605 2828 1660 2862 21.
1683 2827 1714 2865 2,
1737 2825 1791 2860 54.
1816 2825 1847 2858 2.
1870 2825 1902 2863 3,

147 2883 201 2918 65.
231 2883 264 2924 2,
294 2884 348 2919 71.
378 2886 407 2925 1,
438 2885 493 2925 90,
527 2886 582 2925 91,
614 2886 693 2921 804.
725 2885 757 2925 4,
780 2885 835 2920 44.
858 2885 890 2920 2.
914 2885 946 2924 3,
972 2885 1026 2920 46.
1052 2884 1084 2924 2,
1106 2884 1160 2919 49.
1184 2884 1237 2924 45,
1261 2883 1315 2918 54.
1342 2883 1372 2917 1.
1393 2882 1425 2922 2,
1448 2882 1503 2917 55.
1525 2881 1557 2915 2.
1576 2881 1607 2919 3,
1631 2880 1684 2914 96.
1710 2878 1741 2919 3,
1766 2878 1846 2913 901.
1872 2878 1903 2919 1,

150 2935 202 2970 15.
227 2936 259 2976 4,
281 2937 336 2972 21.
359 2937 391 2976 3,
415 2937 470 2972 25.
493 2937 527 2981 2,
549 2937 607 2977 31,
629 2937 684 2972 37.
708 2938 740 2978 3,
764 2939 819 2973 55.
844 2938 877 2984 3,
892 2937 946 2977 77,
969 2937 1024 2972 81.

174 3023 176 3025 .
237 2988 389 3024 Praeter
411 2989 504 3025 haec
528 2989 849 3025 Hartmannus
874 2990 934 3033 (de
960 2989 1043 3024 Ter.
1064 2991 1100 3024 et
1126 2989 1220 3024 Don.
1242 2988 1343 3030 1895)
1357 2987 1468 3022 etiam
1485 2987 1631 3020 centum
1645 2983 1719 3018 alia
1734 2982 1903 3017 breviora

149 3039 324 3076 laudibus
348 3042 508 3077 ornavit.

239 3094 298 3128 Ad
332 3094 627 3129 Eunuchum:
659 3095 828 3135 9.1‚10.
852 3095 884 3130 2.
908 3095 963 3135 20,
992 3094 1045 3129 24.
1069 3094 1101 3134 2,
1125 3093 1235 3133 84.1,
1257 3093 1312 3127 85.
1338 3093 1366 3131 1,
1390 3091 1444 3131 86,
1468 3091 1520 3125 91.
1553 3090 1582 3132 1,
1607 3089 1659 3123 95.
1683 3089 1713 3127 2,
1738 3086 1793 3121 98.
1824 3086 1850 3119 1.
1874 3085 1904 3123 2,
