2242 3443
102 326 178 362 505

103 484 179 520 506

103 870 177 906 507

106 1404 181 1440 508

107 1554 183 1590 509

108 1860 184 1896 510

108 2012 180 2048 511

106 2163 182 2199 512

108 2316 182 2352 513

110 2619 186 2655 514

112 2845 187 2882 515

946 193 1027 233 175

306 330 496 358 DECEDET
528 329 609 357 nm
640 328 717 356 mA
749 328 792 356 H.
827 319 951 365 quasi
983 319 1026 356 in
1054 319 1118 357 ira
1145 319 1204 357 sit
1231 318 1370 368 culpa,
1398 329 1483 358 non
1512 319 1765 367 ‘deponetur
1784 320 1860 358 ira'

250 396 403 444 inquit,
438 394 514 433 sed
548 394 773 433 ‘decedet'.

313 482 330 518 l
377 488 483 524 QmA
525 488 765 517 PAULULUM
798 488 837 516 v.
870 490 913 517 A.
947 488 985 517 P.
1018 478 1171 525 facete,
1210 480 1336 525 quasi
1368 479 1505 517 dicat:
1541 479 1642 526 quia
1674 478 1858 527 habetis,

251 554 363 593 unde
395 555 543 593 dotem
576 554 781 602 reddatiS,
816 557 912 592 aut:
947 554 1049 601 quia
1081 554 1247 592 nullam
1278 564 1457 592 causam
1488 554 1656 593 habetis
1683 555 1862 603 repudii,

251 630 326 668 sed
368 630 568 668 ditiorem
611 629 822 677 quaeritis
865 629 1234 668 coniunctionem.
1275 630 1298 667 2
1333 639 1439 674 QmA
1471 640 1712 668 PAULULUM
1744 641 1783 668 v.
1818 641 1861 669 A.

252 716 288 744 P.
333 716 366 744 s.
409 716 453 746 A.
495 715 529 744 S.
576 706 621 744 ut
660 705 875 743 minacior
916 707 984 743 est
1024 705 1168 744 factus
1210 705 1478 754 Pamphilus,
1523 705 1656 744 simul
1700 706 1863 745 maiore

251 781 492 829 stomacho,
526 780 637 828 quod
672 790 772 819 cum
805 780 952 819 labore
985 780 1170 833 celabat,
1204 782 1353 829 aperte
1385 781 1593 820 ostendit.

312 866 331 903 1
376 875 562 904 SUBLATI
602 875 733 904 Arum
775 875 886 903 SUNT
929 875 1042 903 nove
1084 875 1160 913 pro
1205 865 1333 904 elatis
1366 865 1631 904 sublatos
1664 865 1787 904 dixit.
1821 868 1865 905 et

250 941 331 980 hoc
371 942 544 989 proprie
585 939 778 979 ferarum
823 944 903 989 est,
946 945 999 986 (a)
1035 951 1139 979 nam
1171 940 1340 980 bestiae
1372 951 1448 990 pro
1482 941 1619 980 animi
1651 941 1864 989 qualitate

252 1016 321 1055 vel
368 1017 544 1064 erigunt
586 1027 764 1065 corpora
808 1017 876 1055 vel
918 1017 1154 1065 deponunt.
1201 1017 1224 1055 2
1257 1027 1394 1056 ΕΤΙΑΜ
1425 1027 1575 1056 MECUM
1606 1027 1644 1055 L.
1678 1017 1788 1056 belle
1821 1019 1865 1056 et

251 1092 378 1130 illum
422 1102 477 1130 ex
523 1092 689 1130 invidia
730 1092 1050 1132 iracundiorem
1084 1097 1128 1132 et
1159 1093 1276 1131 hunc
1308 1093 1362 1131 ad
1394 1103 1441 1131 se
1474 1093 1719 1133 ducentem.
1755 1093 1865 1140 quod

250 1170 427 1216 propter
467 1167 747 1217 Pamphilum
791 1169 1027 1218 dicebatur,
1072 1169 1227 1208 effecit.
1261 1169 1285 1208 3
1319 1179 1455 1208 mma
1486 1179 1532 1208 M.
1566 1180 1604 1208 L.
1638 1169 1864 1218 invidiose,

250 1245 377 1292 quasi
407 1244 497 1283 iam
532 1254 630 1283 cum
665 1245 896 1294 Pamphilo
928 1245 1185 1293 litigaverit.

427 1318 445 1354 1
476 1328 500 1353 a
529 1321 573 1354 ut
603 1320 717 1360 (Aen.
738 1319 796 1355 12.
815 1319 852 1361 4)
883 1319 1126 1363 ‘attollitque
1155 1319 1344 1355 animos’.

309 1408 548 1437 DELIBERET
597 1409 930 1445 RENUNTIETQUE
977 1410 1022 1439 H.
1066 1399 1282 1448 ferociter,
1325 1399 1497 1447 <ut>
1536 1409 1685 1438 socero
1729 1399 1865 1448 decet,

252 1476 400 1514 tamen
435 1478 620 1524 mature,
656 1476 769 1523 quod
803 1472 1039 1515 ‘deliberet'
1073 1476 1199 1514 dixit.

316 1552 330 1588 l
381 1561 437 1589 Ur
480 1561 573 1590 ALII
614 1561 653 1589 sr
684 1561 791 1590 nmo
823 1561 865 1591 N.
899 1562 933 1591 s.
967 1562 1001 1590 s.
1031 1561 1196 1600 magna
1227 1549 1388 1590 fiducia
1420 1551 1719 1591 condicionem
1753 1550 1867 1590 filiae

252 1629 424 1676 asserit,
458 1629 632 1676 quando
664 1629 767 1677 iam,
802 1629 839 1667 si
872 1629 1131 1677 Pamphilus
1161 1628 1284 1677 nolit,
1319 1630 1520 1677 paratum
1549 1628 1736 1667 alterum
1765 1627 1869 1666 dicit

255 1713 365 1742 esse.
406 1705 430 1742 2
464 1714 503 1743 si
534 1715 642 1744 Huic
673 1715 760 1744 NON
791 1715 857 1743 srr
891 1705 1150 1745 subauditur
1183 1704 1338 1754 ‘uxor',
1371 1705 1446 1743 sed
1478 1704 1586 1743 dura
1618 1704 1736 1743 dictu
1769 1705 1867 1743 reti·

255 1779 358 1831 cuit,
391 1783 438 1818 ut
471 1781 670 1820 debebat.

310 1866 516 1896 PHID1PPE:
558 1868 670 1896 Anas
711 1854 889 1898 nomine
932 1857 1138 1907 appellat,
1182 1857 1295 1905 quod
1327 1857 1470 1896 facere
1502 1856 1700 1895 solemus
1732 1856 1867 1894 iratos

256 1932 460 1980 mitigare
493 1937 719 1973 conantes.

312 2019 532 2048 POSTREMO
575 2003 706 2048 mmm
746 2020 795 2048 sm
836 2019 1116 2049 TRANSIGANT
1158 2019 1245 2048 non
1277 2009 1395 2048 enim
1427 2009 1533 2047 haec
1567 2007 1716 2046 votiva
1747 2008 1865 2052 sunt,

254 2085 410 2132 quibus
442 2085 658 2123 interesse
690 2086 892 2125 delectet.

309 2169 486 2205 QUANDO
529 2170 611 2202 Mic
654 2172 826 2200 GNATUS
868 2171 1009 2207 NEQUE
1052 2172 1126 2201 mc
1169 2171 1207 2207 Q.
1250 2171 1288 2200 o.
1321 2160 1539 2199 invidiose
1573 2158 1748 2207 ‘gnatus
1780 2168 1865 2196 non

252 2236 553 2285 obtemperat'‚
588 2240 631 2276 et
665 2238 761 2277 ‘hic'
797 2248 880 2276 non
912 2237 1195 2276 familiariter
1227 2237 1392 2276 dictum
1426 2235 1549 2284 quasi
1582 2234 1635 2273 ab
1667 2235 1791 2273 irato.

315 2314 334 2350 1
379 2321 496 2357 QUAE:
538 2323 636 2353 Dico
678 2324 715 2352 P.
760 2324 796 2352 P.
835 2314 936 2360 quia
968 2313 1328 2362 obtemperamus
1359 2313 1493 2351 etiam
1525 2311 1686 2349 tacitae
1720 2309 1865 2348 volun-

254 2378 350 2427 tati.
385 2388 410 2426 2
443 2397 560 2433 QUAE:
591 2399 688 2428 mco
721 2400 758 2428 P.
793 2400 829 2427 P.
865 2399 999 2427 PORTO
1031 2399 1116 2427 Hoc
1147 2398 1337 2427 mserum
1368 2387 1477 2426 bene
1504 2396 1656 2425 rursus
1684 2386 1726 2424 in
1756 2395 1865 2423 erro-

254 2472 347 2501 rem
379 2464 558 2512 reditur,
592 2474 646 2503 ne
679 2475 789 2512 quae
824 2474 925 2503 vera
956 2465 1058 2513 sint,
1093 2467 1246 2503 contra
1277 2463 1450 2503 fabulae
1476 2462 1746 2511 propositum
1775 2471 1866 2508 cog-

255 2543 505 2578 noscantur.
541 2541 566 2578 3
599 2550 736 2580 POR'rO
770 2551 853 2579 Hoc
886 2550 1074 2579 IURGIUM
1106 2540 1259 2588 ‘porto'
1292 2539 1416 2587 quasi
1447 2538 1609 2585 aliquid
1641 2546 1864 2584 magnum.

318 2617 337 2653 1
377 2625 505 2654 cuius
537 2626 654 2655 HAEC
684 2626 817 2655 From·
849 2626 1043 2655 consitio
1075 2626 1216 2655 OMNIA
1248 2625 1332 2654 non
1365 2615 1591 2652 transacta
1622 2612 1867 2650 obiciuntur

256 2692 396 2739 uxori,
421 2691 500 2751 sed
527 2702 638 2740 quae
665 2702 781 2731 nunc
804 2675 1019 2740 aguntur(
1037 2692 1062 2730 2
1090 2700 1284 2731 CONSILIO
1303 2694 1449 2729 utrum
1482 2687 1865 2737 dispositione

257 2775 310 2804 an
343 2767 483 2806 ironia
515 2770 583 2806 est
614 2769 657 2806 in
692 2768 807 2807 male
841 2767 1177 2807 consulentem?

319 2844 339 2881 1
372 2853 516 2889 ATQUE
548 2854 593 2882 IN
625 2854 717 2882 EAM
748 2854 834 2882 Hoc
866 2853 984 2883 OMNE
1016 2852 1129 2889 QUOD
1160 2854 1205 2882 M.
1240 2854 1309 2882 ΑΕ.
1338 2853 1376 2881 Ε.
1403 2851 1489 2880 non
1519 2840 1645 2888 ‘quod
1673 2838 1866 2886 irascor’,

257 2918 332 2957 sed
376 2917 502 2966 ‘quod
544 2919 652 2958 mihi
685 2929 813 2967 aegre
845 2920 926 2958 est'
959 2919 1084 2959 dixit.
1118 2920 1142 2958 2
1175 2928 1359 2958 rivorum
1390 2917 1512 2964 bene,
1543 2915 1645 2963 quia
1676 2913 1865 2961 aegritu-

257 2993 404 3032 dinem
447 2994 560 3033 solet
603 2995 799 3033 vomitus
839 2994 1049 3044 relevare,
1083 2995 1146 3035 sic
1178 2991 1326 3034 Cicero
1358 2992 1465 3035 (Cat.
1484 2992 1523 3030 2.
1544 2991 1597 3037 2),
1631 2999 1730 3028 cum
1763 2988 1868 3026 dicit

260 3068 383 3115 ‘quae
415 3070 590 3116 quidem
624 3070 734 3108 mihi
766 3070 794 3109 l.
828 3080 884 3119 u.‚
917 3081 957 3118 q.
991 3072 1022 3110 t.
1056 3080 1096 3119 p.
1130 3080 1167 3110 e.
1201 3070 1229 3109 f.
1263 3080 1302 3117 q.
1336 3064 1392 3117 p.'
