2242 3443
310 223 382 249 vul

315 2542 389 2578 185

1059 213 1312 243 PRAEFATIO.

426 337 560 375 totius
587 333 757 374 fabulae
785 330 1126 380 argumentum?
1155 328 1212 367 At
1238 328 1320 366 hoc
1336 327 1514 367 demum
1532 328 1709 367 tenetur
1727 330 1885 368 exacta
1901 327 2063 368 fabula.

425 412 557 451 Estne
585 421 635 449 ea
663 420 761 458 pars
788 407 1053 455 argumenti,
1082 415 1195 453 quae
1223 405 1428 443 narratur
1454 403 1498 443 in
1525 404 1830 454 expositione?
1847 405 1905 444 At
1922 405 1965 444 in
1984 404 2064 444 hac

426 488 545 526 nulla
588 488 725 525 virtus
758 489 823 524 est
855 483 1045 531 Terenti,
1081 481 1153 530 qui
1180 479 1363 520 fideliter
1391 479 1562 519 rettulit
1588 481 1909 529 expositionem
1936 480 2064 520 Grae-

426 574 520 601 cam
556 563 681 610 idque
714 564 914 607 eatenus,
950 561 996 597 ut
1028 558 1120 596 sint
1152 556 1225 605 qui
1257 556 1437 595 credant
1463 556 1597 595 etiam
1626 556 1776 596 Sosiae
1803 556 1936 596 verba
1962 557 2063 596 inde

426 640 561 688 petita
588 649 703 685 esse,
727 639 855 684 atque
874 636 1006 674 etiam
1026 633 1138 682 apud
1157 632 1443 671 Menandrum
1461 642 1544 671 non
1564 632 1771 681 prologus
1789 634 1866 672 aut
1883 633 1989 672 deus
2007 642 2064 671 ex

426 715 643 762 machina,
689 713 763 752 sed
797 721 931 751 senex
965 709 1098 749 verba
1131 708 1332 748 faciebat.
1366 707 1516 748 Virtus
1547 711 1696 748 autem
1731 709 1906 748 Terenti
1938 709 1982 748 in
2013 718 2063 748 eo

425 793 596 829 tanturn
641 789 855 837 constitit,
900 787 1010 836 quod
1053 786 1247 825 taedium
1290 785 1410 833 longi
1455 784 1655 834 soliloqui
1692 795 1767 834 per
1801 785 2063 834 dialogicam

426 867 611 905 formam
669 864 867 912 sustulit,
914 863 1033 911 atqui
1080 862 1194 901 hanc
1245 861 1511 900 laudationis
1563 871 1741 901 causam
1783 861 2065 910 praecipuam

426 943 600 982 omnino
642 942 792 980 omisit
833 940 942 979 alter
984 938 1239 978 scholiasta.
1282 938 1527 987 Supersunt
1560 938 1669 977 haec
1700 937 1856 977 verba:
1891 936 1948 976 ‘in
1982 946 2066 985 qua

426 1018 687 1067 (argumenti
728 1017 990 1060 narratione)
1033 1014 1320 1053 fundamenta
1357 1013 1529 1053 fabulae
1562 1014 1808 1053 iaciuntur'.
1844 1013 1952 1063 Quid
1985 1013 2066 1052 hoc

426 1095 523 1133 est?
556 1093 819 1132 Fabularum
854 1091 1146 1131 fundamenta
1177 1090 1416 1139 iaciuntur,
1451 1090 1619 1140 opinor,
1648 1090 1692 1128 in
1720 1092 1869 1129 mente
1895 1091 2063 1140 poetae,

426 1172 528 1209 dum
561 1171 604 1208 in
638 1169 909 1218 expositione
937 1177 987 1205 ea
1013 1168 1190 1206 tantum
1217 1167 1474 1215 narrantur,
1502 1175 1614 1214 quae
1642 1166 1695 1205 ad
1722 1176 1867 1205 rerum
1885 1175 2065 1214 sequen-

425 1246 535 1284 tium
570 1244 918 1293 intellegentiam
952 1242 1201 1282 necessaria
1232 1243 1352 1281 sunt.

544 1320 772 1360 Conclusio
800 1321 842 1358 in
860 1321 1067 1369 promptu
1085 1321 1166 1359 est.
1185 1318 1411 1358 Habemus
1427 1319 1479 1358 de
1497 1319 1660 1358 virtute
1677 1320 1833 1368 poetae
1849 1317 2068 1357 scholium

427 1398 605 1446 plenum
654 1398 697 1435 et
743 1397 1046 1446 perspicuum,
1091 1397 1136 1435 in
1177 1406 1260 1444 quo
1302 1395 1411 1434 nihil
1451 1395 1592 1445 deest,
1636 1395 1744 1434 nihil
1775 1395 1990 1443 abundat,
2024 1396 2069 1433 et

425 1474 551 1512 iuxta
593 1473 673 1511 hoc
705 1472 912 1521 alterum,
946 1472 1059 1521 quod
1091 1472 1234 1521 prima
1266 1471 1453 1511 lectione
1485 1471 1657 1511 doctius
1686 1472 1874 1511 fortasse
1907 1473 1949 1510 et
1982 1470 2065 1520 ple·

429 1550 526 1588 nius
559 1549 730 1588 cuidam
764 1548 980 1598 videatur,
1017 1549 1093 1588 sed
1126 1548 1239 1596 quod
1270 1557 1423 1587 revera
1455 1548 1575 1587 omni
1607 1557 1662 1587 ex
1688 1554 1811 1596 parte
1838 1547 2066 1587 claudicat.

427 1625 532 1665 Cum
558 1626 689 1674 igitur
711 1625 926 1665 scholium
943 1625 1135 1674 primum
1154 1635 1310 1664 omnes
1325 1634 1532 1664 numeros
1548 1624 1723 1674 expleat
1738 1625 1893 1664 scholii
1910 1625 2066 1665 sinceri

427 1704 469 1740 et
500 1702 676 1752 integri,
709 1712 847 1750 neque
879 1701 1061 1741 indicari
1093 1702 1170 1741 aut
1196 1701 1378 1750 cogitari
1406 1701 1562 1750 possit,
1593 1701 1694 1749 quid
1721 1701 1960 1749 genuinum
1979 1711 2066 1741 am·

426 1777 542 1826 ‚plius
575 1780 650 1816 aut
681 1777 842 1816 melius
873 1777 924 1817 de
957 1787 1141 1817 scaenae
1174 1777 1334 1817 virtute
1366 1777 1591 1817 continere
1623 1778 1833 1827 potuerit,
1862 1777 2067 1827 recipien-

428 1854 530 1892 dum
564 1855 632 1892 est
663 1854 705 1892 in
739 1864 891 1893 eorum
923 1864 1179 1903 numerum,
1213 1863 1323 1902 quae
1354 1863 1462 1893 sana
1492 1856 1536 1892 et
1568 1854 1733 1902 integre
1765 1855 1944 1893 servata
1970 1864 2068 1893 esse

429 1934 489 1977 et,
538 1932 586 1968 ut
633 1940 746 1969 nunc
792 1939 890 1969 sese
931 1930 1114 1980 habent,
1159 1930 1221 1969 ita
1262 1929 1317 1968 ab
1359 1930 1452 1979 ipso
1494 1928 1663 1969 Donato
1695 1929 1939 1978 composita
1970 1940 2068 1969 esse

429 2015 559 2054 supra
608 2005 942 2045 declaravimus
993 2006 1196 2045 Alterum
1247 2007 1396 2044 autem
1444 2005 1574 2045 huius
1624 2005 1802 2054 genuini
1844 2016 1929 2045 non
1976 2016 2068 2056 pro·

428 2082 517 2129 prie
558 2084 812 2130 excerptum
855 2083 942 2131 est,
987 2082 1064 2121 sed
1094 2082 1284 2121 imitatio
1316 2081 1577 2121 scholiastae
1609 2081 1726 2120 male
1758 2081 1994 2131 cogitantis
2026 2085 2070 2122 et

430 2158 609 2196 obscure
650 2158 902 2206 scribentiS‚
937 2158 1137 2197 addentis
1169 2158 1325 2207 otiosa,
1359 2158 1497 2196 immo
1529 2156 1657 2205 falsa,
1697 2157 1944 2196 omittentis
1976 2168 2068 2197 rem

430 2234 720 2282 praecipuam.

550 2309 830 2351 Offendemus
858 2310 1096 2349 identidem
1125 2310 1428 2350 adnotationes
1456 2309 1608 2349 iisdem
1638 2309 1706 2348 his
1732 2309 1854 2348 vitiis
1881 2311 1958 2349 aut
1979 2321 2069 2359 pro-

430 2386 686 2433 prietatibus
723 2386 992 2435 laborantes,
1030 2396 1140 2434 quae
1172 2387 1247 2426 uni
1279 2386 1506 2434 eidemque
1534 2386 1748 2434 magistro
1775 2385 2071 2434 adsignandae

431 2462 537 2499 mihi
569 2472 665 2500 esse
700 2463 912 2512 videntur,
944 2463 996 2502 de
1027 2473 1112 2511 quo
1143 2463 1242 2502 vide
1274 2463 1410 2502 etiam
1443 2461 1567 2500 infra.

437 2539 454 2576 1
492 2540 533 2576 et
566 2538 604 2576 2.
647 2537 796 2578 Denuo
830 2539 940 2578 falsa
966 2539 1110 2588 specie
1137 2539 1350 2588 decipitur
1376 2538 1448 2586 qui
1476 2537 1613 2577 credit
1638 2537 1826 2577 alterum
1852 2538 2069 2579 scholium

429 2615 606 2661 gravius
648 2614 903 2663 pleniusque
947 2626 1043 2654 esse
1085 2625 1219 2664 quam
1260 2615 1466 2664 primum.
1509 2614 1629 2653 Simo
1670 2613 1803 2662 probe
1844 2613 1928 2654 scit
1969 2625 2070 2664 gna-

433 2692 525 2728 tum
569 2700 734 2740 amare,
778 2692 872 2740 ipse
915 2692 996 2730 hoc
1037 2692 1130 2731 suis
1172 2691 1312 2731 oculis
1356 2691 1560 2740 adspexit
1590 2691 1633 2729 et
1666 2689 1816 2729 Sosiae
1847 2690 2074 2730 confessus

433 2767 500 2804 est
541 2767 642 2810 (130
683 2766 809 2818 sqq.),
853 2768 957 2816 quin
998 2769 1134 2807 etiam
1176 2778 1202 2807 a
1238 2767 1422 2807 Chreme
1456 2766 1624 2805 audivit
1655 2764 1794 2805 filium
1827 2775 1904 2814 pro
1936 2775 2074 2806 uxore

435 2840 590 2880 habere
621 2843 895 2890 peregrinam
922 2844 1024 2888 (144
1051 2854 1144 2892 sqq.
1173 2844 1329 2893 Speng.
1359 2843 1410 2882 ad
1442 2842 1563 2889 185);
1596 2852 1744 2881 coram
1773 2841 1893 2881 Davo
1920 2844 2070 2881 tamen

434 2915 545 2954 hanc
585 2917 815 2956 scientiam
852 2918 1121 2967 dissimulat,
1165 2929 1348 2968 sperans
1388 2918 1478 2957 fore
1521 2920 1586 2967 ut,
1621 2917 1746 2966 quasi
1779 2918 1840 2957 rei
1872 2917 2069 2967 ignaruS‚

435 2990 487 3028 ab
528 2991 601 3030 ilio
643 2992 805 3040 aliquid
847 2995 1068 3033 resciscat.
1102 2995 1253 3043 Itaque
1284 2995 1328 3034 in
1360 2993 1496 3033 altero
1528 2993 1693 3032 scholio
1725 3003 1811 3033 non
1842 3003 1944 3032 vera
1967 2995 2072 3032 sunt

436 3067 567 3105 verba
609 3068 813 3107 ‘nondum
858 3079 905 3108 se
946 3070 1163 3110 fatetur
1196 3071 1398 3119 credere',
1432 3079 1571 3118 neque
1601 3070 1646 3108 in
1678 3068 1797 3108 senis
1829 3068 1974 3108 verbis
1999 3068 2070 3108 ali·
