2242 3443
916 254 1169 284 PRAEFATIO.
1867 261 1913 289 111

720 398 1074 438 scholiorum
1123 402 1364 448 species.

279 517 323 555 Si
349 527 419 556 res
445 526 554 564 quas
583 516 807 555 continent
836 518 1126 567 attendimus,
1146 519 1411 558 scholiorum
1431 521 1601 568 species
1619 523 1784 561 multae
1802 527 1913 563 sunt.

278 604 305 631 α
337 593 402 632 Ad
442 602 705 632 scaenarum
748 593 875 631 initia
915 593 1121 641 leguntur
1159 594 1289 642 vulgo
1321 594 1488 633 scholia
1519 597 1732 643 quaedam
1765 599 1915 647 princi-

161 667 277 718 palia
308 679 334 707 a
364 669 524 708 ceteris
555 668 830 717 aliquantum
865 669 1039 709 diversa
1071 680 1265 718 quaeque
1294 674 1485 710 tractant
1515 675 1590 711 aut
1617 673 1804 713 breviter
1830 676 1920 713 tan-

161 746 269 792 gunt
314 753 574 784 scaenarum
622 747 901 794 argumenta,
950 756 1043 785 rem
1086 746 1393 796 dramaticam,
1438 758 1621 788 scaenae
1663 749 1918 798 fabulaeque

159 821 481 870 oeconomiam,
522 830 812 869 personarum
855 831 1016 870 mores,
1061 831 1392 870 nonnumquam
1435 825 1567 863 etiam
1603 827 1742 864 artem
1776 826 1916 865 rheto-

159 895 296 934 ricam
320 892 362 941 1).
395 895 457 935 De
481 896 690 945 peculiari
715 897 859 946 specie
886 897 1154 937 scholiorum
1182 898 1489 948 principalium
1517 900 1568 938 ad
1593 901 1813 950 Adelphos
1830 902 1917 941 illic

159 970 416 1012 videbimus,
464 972 609 1012 Etiam
652 974 780 1012 extra
819 983 1082 1013 scaenarum
1123 974 1247 1012 initia
1289 974 1454 1013 scholia
1495 975 1698 1023 leguntur
1728 977 1770 1015 in
1805 987 1915 1016 com-

158 1048 309 1086 mento
351 1048 403 1087 de
443 1049 697 1088 oeconomia
738 1058 998 1088 scaenarum
1031 1051 1074 1088 et
1106 1048 1353 1088 fabularum
1387 1060 1758 1099 personarumque
1789 1054 1916 1091 mori·

159 1122 257 1173 bus,
291 1133 399 1171 quae
431 1124 689 1173 principalia
721 1124 1010 1173 amplitudine
1043 1128 1086 1164 et
1117 1127 1346 1165 momento
1377 1136 1463 1165 non
1495 1136 1592 1165 raro
1625 1131 1845 1177 superant,
1874 1130 1915 1167 in

157 1199 315 1247 quibus
351 1200 486 1239 etiam
518 1201 664 1250 notae,
699 1210 785 1239 non
817 1201 949 1239 nimis
981 1200 1136 1249 longae
1169 1201 1244 1240 sed
1276 1201 1546 1250 frequenteS,
1580 1202 1631 1241 de
1664 1205 1915 1242 oeconomia

158 1275 369 1315 orationis
401 1278 444 1315 et
477 1275 729 1325 verborum,
763 1275 980 1316 notabiles
1011 1278 1134 1330 sunt,
1162 1277 1261 1316 vide
1289 1288 1325 1316 e.
1353 1288 1393 1326 g.
1424 1278 1553 1317 Andr.
1583 1278 1651 1317 82.
1685 1282 1719 1328 1,
1754 1279 1849 1318 110.
1879 1282 1913 1332 l,

163 1351 258 1391 129.
293 1353 332 1401 2,
367 1352 467 1401 209,
502 1351 601 1402 271,
636 1352 735 1391 380.
770 1354 809 1402 4,
846 1353 946 1392 386.
984 1354 1021 1402 1,
1056 1354 1155 1402 544,
1193 1354 1289 1392 732.

277 1427 396 1467 Haec
422 1428 606 1478 scholia,
634 1430 806 1477 praeter
832 1428 1048 1468 rhetorica
1076 1429 1248 1476 aliaque
1273 1439 1431 1479 pauca,
1460 1439 1588 1469 nemo
1617 1439 1700 1469 non
1719 1440 1910 1481 mecum,

159 1504 326 1553 opinor,
360 1504 484 1544 Aelio
514 1504 682 1544 Donato
714 1504 977 1544 vindicanda
1009 1514 1108 1544 esse
1142 1505 1350 1545 censebit,

276 1580 300 1619 b
333 1580 508 1620 Scholia
540 1580 592 1620 de
623 1581 945 1620 sententiarum
978 1581 1354 1630 interpretatione.

281 1666 302 1694 c
333 1656 505 1696 Scholia
536 1657 830 1704 grammatica
846 1659 889 1696 et
907 1657 957 1696 de
976 1656 1213 1696 verborum
1231 1657 1587 1706 interpretatione
1605 1658 1734 1705 atque
1751 1659 1911 1705 etymo.

276 1732 304 1771 d
335 1731 511 1771 Scholia
541 1732 773 1772 rhetorica.

285 1818 304 1846 e
335 1808 507 1847 Scholia
538 1808 590 1848 de
622 1808 974 1858 pronuntiatione
1007 1810 1049 1848 et
1081 1811 1223 1858 gestu.

279 1884 308 1932 f
331 1880 493 1925 Variae
525 1884 748 1942 lectiones.

274 1969 302 2008 9
332 1960 460 2010 'Propi
494 1962 537 2000 et
568 1959 747 2009 figurae.

274 2036 301 2075 h
332 2037 599 2086 Fragmenta
630 2036 809 2076 Graeca.

274 2112 464 2161 Explent
493 2113 575 2152 hae
602 2113 770 2162 species
803 2113 864 2152 ad
898 2113 1163 2152 Andriam
1197 2112 1463 2151 scholiorum
1481 2121 1714 2151 numerum
1734 2112 1815 2151 duo
1835 2112 1908 2150 mi·

156 2186 263 2227 lium
296 2190 341 2227 et
370 2188 675 2239 ducentorum,
710 2189 772 2228 ad
805 2189 1126 2228 Eunuchum
1161 2189 1243 2228 duo
1270 2188 1443 2226 milium
1473 2191 1516 2227 et
1543 2190 1731 2227 centum.
1760 2188 1823 2226 Ex
1840 2187 1909 2225 his

156 2263 334 2322 scholiis
360 2264 490 2314 longe
517 2266 658 2305 maior
683 2275 784 2314 pars
801 2266 974 2305 sincera
991 2267 1058 2305 est
1076 2266 1205 2313 atque
1223 2265 1400 2303 tertiam
1417 2263 1722 2303 tantummodo
1740 2264 1906 2311 partem

156 2341 231 2379 aut
256 2341 383 2390 paulo
411 2341 601 2390 amplius
626 2351 651 2380 a
677 2340 844 2380 Donato
872 2341 1060 2380 alienam
1092 2351 1188 2380 esse
1216 2340 1423 2389 indicavi,
1452 2349 1609 2387 nempe
1626 2339 1678 2377 ad
1696 2338 1906 2377 Andriam

155 2416 326 2456 circiter
371 2416 611 2466 DCCLXX,
663 2417 715 2456 ad
756 2417 1017 2456 Eunuchum
1060 2415 1266 2455 DCXXV.
1311 2415 1428 2454 Haec
1471 2415 1616 2463 spuria
1658 2414 1903 2452 maximam

203 2587 226 2631 ¹)
251 2586 354 2622 Haec
386 2587 535 2632 aliaque
569 2587 714 2622 scholia
746 2586 958 2621 consimilia
990 2586 1165 2621 tractavit
1195 2586 1311 2621 Edm.
1344 2585 1511 2621 Struck
1546 2584 1583 2618 in
1611 2583 1700 2618 diss.
1727 2581 1902 2616 Rostoch.

155 2638 201 2674 de
237 2639 414 2675 Terentio
446 2642 483 2674 et
516 2639 665 2674 Donato
697 2651 730 2674 a.
763 2640 860 2680 1910,
893 2641 933 2674 ut
968 2641 1004 2674 et
1028 2639 1243 2674 ostenderet
1269 2638 1412 2673 scholia
1437 2650 1480 2672 ea
1506 2636 1552 2671 ad
1578 2635 1724 2670 fabulas
1748 2634 1903 2668 Menan·

156 2691 264 2726 dreas
296 2692 435 2733 (Andr.
466 2692 560 2727 Eun.
592 2692 680 2736 Ad.)
706 2704 789 2727 esse
813 2704 968 2736 prorsus
994 2691 1143 2727 diversa
1167 2704 1189 2726 a
1214 2691 1369 2726 scholiis
1394 2688 1664 2735 principalibus
1689 2687 1734 2721 ad
1760 2685 1905 2744 tabulas

155 2744 427 2788 Apollodoreas
457 2744 563 2789 (Hec.
588 2744 709 2788 Pha),
732 2746 769 2779 et
793 2743 858 2779 illa
882 2756 966 2779 esse
991 2744 1199 2779 aesthetica
1223 2743 1399 2783 Graecae,
1427 2743 1517 2776 haec
1542 2739 1726 2775 rhetorica
1752 2737 1904 2794 Latinae

155 2796 324 2841 originis.
370 2797 547 2832 Refutavi
595 2797 686 2832 haec
732 2797 859 2831 omnia
901 2796 940 2831 in
982 2796 1121 2831 Mnem.
1160 2796 1215 2831 39.
1253 2809 1288 2840 p.
1328 2796 1387 2830 131
1427 2807 1521 2838 sqq„
1553 2796 1663 2836 atque
1698 2793 1900 2824 monsiravx

154 2850 298 2886 scholia
328 2851 553 2895 principalia
582 2850 630 2885 ad
661 2862 791 2885 omnes
822 2849 972 2884 fabulas
1003 2851 1150 2893 praeter
1174 2848 1370 2892 Adelphos
1396 2847 1533 2882 similia
1558 2858 1652 2884 esse,
1678 2855 1798 2886 neque
1826 2854 1900 2875 uno

154 2903 304 2938 nomine
336 2903 545 2938 aesthetica
575 2903 757 2947 appellari
780 2901 927 2941 debere,
952 2901 1018 2936 sed
1044 2901 1259 2940 dmmatica,
1287 2899 1534 2938 oeconomica,
1560 2901 1644 2936 etc.;
1670 2896 1752 2930 vide
1776 2907 1810 2938 p.
1838 2894 1901 2927 146

155 2966 236 2999 sqq.
268 2955 323 2990 De
355 2955 505 2991 Slrucki
537 2955 806 2991 dissertatione
838 2955 882 2989 cf.
914 2954 1026 2989 etiam
1053 2953 1236 2988 Wessner
1260 2952 1318 2987 W.
1347 2953 1370 2988 f.
1396 2952 1445 2987 kl.
1471 2951 1536 2986 Ph.
1562 2950 1648 2984 1910
1671 2961 1704 2992 p.
1728 2947 1794 2982 996
1817 2958 1898 3005 sqq

158 3006 248 3042 Cum
284 3010 407 3044 autem
445 3007 644 3044 Struckius
673 3020 709 3052 p.
740 3007 784 3042 37
817 3019 860 3042 ea
891 3006 1034 3041 scholia
1065 3006 1113 3041 ad
1139 3006 1286 3041 fabulas
1311 3003 1560 3039 Menandreas
1586 3001 1762 3044 impense,
1788 3010 1899 3056 nimis

154 3059 324 3101 fortasse,
355 3060 572 3100 laudaverit,
604 3060 696 3095 haec
727 3059 810 3094 laus
838 3061 950 3094 etiam
974 3059 1140 3103 pertinet
1165 3058 1213 3093 ad
1238 3056 1382 3092 scholia
1410 3055 1577 3099 Hecyrae
1603 3055 1640 3087 et
1663 3052 1898 3086 Phormionis

156 3113 255 3148 omni
281 3126 326 3148 ex
349 3115 455 3162 parte
479 3112 556 3148 illis
581 3111 730 3148 similia.
