2242 3443
418 613 489 648 791

421 1144 496 1180 795

423 1509 498 1545 796

422 2041 494 2077 797

423 2262 498 2298 798

1277 179 1332 217 94

565 301 880 351 ἀποσιωπήσεις,
920 303 960 341 id
1004 305 1071 341 est
1114 303 1388 351 reticentiae,
1433 302 1577 341 modis
1609 301 1772 341 tribus:
1807 304 1884 342 aut
1917 303 2034 342 enim
2066 303 2186 342 tacet

565 390 638 428 per
681 389 728 418 se
771 379 919 427 ipsum
962 381 1005 418 et
1043 379 1096 417 ad
1130 379 1247 418 aliud
1281 379 1444 418 transit
1477 380 1517 417 et
1552 381 1619 417 est
1652 379 1814 428 prima,
1848 380 1925 417 aut
1955 380 2072 418 tacet
2103 388 2183 418 nec

565 457 682 494 ultra
723 455 885 503 aliquid
920 455 1036 494 dicet
1068 456 1111 493 et
1143 457 1212 494 est
1243 455 1454 504 secunda,
1488 457 1562 493 aut
1595 454 1779 494 alterius
1811 454 2063 494 interventu
2095 464 2183 503 per·

566 542 698 570 sonae
732 531 833 570 silet
866 534 910 570 et
942 532 1008 570 est
1039 531 1182 570 tertia.

621 617 766 646 Nason-3
799 617 902 652 QUID
930 618 995 646 sm·
1023 618 1170 646 ACTUM
1202 606 1373 646 ‘nescis’
1402 607 1657 656 plerumque
1685 606 1846 645 dicitur
1874 606 1931 655 ei,
1949 616 2037 646 non
2053 615 2183 655 quem

567 683 772 722 volumus
801 684 1063 732 redarguere
1090 683 1338 731 imperitiae
1366 686 1441 722 aut
1469 683 1760 731 ignorantiae,
1789 682 1867 721 sed
1895 692 2026 731 quem
2043 681 2186 721 facere

568 760 775 798 volumus
807 761 856 797 ut
887 759 995 797 velit
1026 759 1211 797 libenter
1243 759 1403 798 audire.

626 838 645 874 1
677 846 857 874 PAULUM
889 845 1122 874 rurnnnssn
1150 845 1262 874 nove
1289 846 1364 884 pro
1393 835 1658 874 multum:
1689 833 1894 881 ἐλάττωσις
1922 839 2063 885 σχῆμα.
2082 835 2107 873 2
2125 844 2183 873 Ex

566 922 707 950 Ammo
750 922 890 951 OMNIA
932 922 988 950 UT
1030 923 1067 950 F.
1111 922 1153 950 N.
1196 923 1233 951 F.
1278 911 1417 960 figura
1449 909 1709 962 ἐφεξήγησις;
1744 921 1847 950 nam
1880 911 1982 960 quid
2014 913 2083 950 est
2115 909 2185 950 ‘ex

566 988 726 1027 animo’
770 988 854 1026 nisi
898 987 960 1026 ‘ut
1000 987 1082 1027 fert
1125 988 1331 1027 natura’?
1375 989 1400 1026 3
1443 987 1497 1026 Et
1528 988 1635 1026 haec
1668 986 1891 1026 sententia
1923 996 1950 1025 a
1982 986 2185 1026 Terentio

567 1061 865 1114 ἐρωτηματικῶς
898 1063 1067 1112 prolata
1099 1065 1182 1109 est,
1218 1073 1350 1111 quam
1383 1063 1619 1102 Menander
1651 1061 1920 1109 ἐπιδεικτικῶς
1952 1062 2112 1112 posuit.

623 1150 678 1178 UT
713 1149 819 1178 FERT
852 1148 894 1178 N.
933 1139 1152 1178 naturalis
1185 1140 1229 1177 et
1261 1139 1458 1187 ingenita
1491 1139 1624 1188 actio,
1658 1149 1790 1187 quam
1822 1149 1874 1178 ea
1894 1134 1923 1184 ¹)
1949 1148 2060 1187 quae
2087 1138 2186 1178 dici·

565 1225 685 1264 mus,
714 1217 762 1254 ut
787 1214 1008 1263 Vergilius
1036 1215 1094 1254 ‘et
1110 1217 1236 1264 putre
1253 1214 1415 1264 solum,
1437 1224 1625 1262 namque
1644 1215 1726 1254 hoc
1742 1215 1975 1254 imitamur
1992 1214 2185 1263 arando’,

570 1291 658 1336 (Ge.
697 1292 736 1330 2.
773 1291 887 1334 204).

1279 1385 1303 1423 5

631 1505 650 1542 1
681 1513 727 1541 ΙΝ
760 1514 844 1542 Ηοο
875 1513 920 1542 Η.
954 1514 992 1541 Ρ.
1026 1514 1066 1542 D.
1095 1514 1133 1543 Ε.
1167 1513 1203 1542 c.
1237 1503 1281 1541 in
1314 1505 1394 1542 hoc
1426 1503 1520 1542 loco
1552 1514 1740 1552 persona
1771 1504 1825 1543 ad
1858 1503 2186 1553 catastropham

568 1580 825 1619 machinata
856 1589 973 1618 nunc
1005 1579 1217 1629 loquitur,
1251 1589 1354 1618 nam
1386 1579 1456 1618 hic
1488 1579 1605 1619 Crito
1638 1580 1747 1619 nihil
1775 1581 2037 1629 argumento
2062 1579 2189 1619 debet

568 1656 653 1694 nisi
682 1656 1005 1695 absolutionem
1035 1656 1197 1694 erroris
1225 1656 1342 1703 eius;
1372 1655 1506 1694 simul
1533 1666 1588 1694 ex
1615 1656 1761 1695 verbis
1779 1656 1872 1695 suis
1889 1665 2021 1705 quam
2041 1657 2189 1705 gravis

567 1742 698 1780 quam
726 1731 954 1770 modestus
983 1732 1041 1769 sit
1068 1741 1288 1779 quamque
1315 1731 1460 1770 iustus
1487 1732 1696 1771 ostendit.
1727 1733 1750 1771 2
1779 1743 1826 1771 IN
1853 1742 1943 1771 HAG
1967 1742 2083 1771 cm'r.
2102 1742 2188 1771 non

568 1808 792 1846 ‘habitare’
821 1808 897 1846 sed
925 1808 1026 1854 quia
1055 1809 1229 1846 mortua
1258 1809 1325 1846 est
1354 1807 1606 1847 ‘habitasse’
1636 1808 1761 1847 dixit.
1790 1809 1815 1847 3
1843 1819 2015 1847 PLATEA
2037 1808 2189 1848 Graeci

567 1886 753 1921 πλατεῖαν
764 1884 983 1931 dixerunt,
1002 1893 1136 1931 quam
1155 1893 1236 1922 nos
1253 1894 1278 1932 p
1292 1884 1406 1922 late
1420 1894 1445 1922 a
1458 1894 1502 1922 m
1519 1883 1722 1932 dicimus3
1741 1874 1981 1923 secundum
1999 1884 2187 1924 formam

569 1959 784 1998 eiusmodi
812 1963 854 1998 et
884 1959 1073 2008 Μήδειαν
1095 1959 1207 1998 Med
1221 1970 1242 1998 e
1256 1970 1356 2009 arn,
1376 1959 1592 1998 σπονδεῖον
1609 1970 1630 1998 s
1645 1969 1748 2009 pon
1763 1960 1788 1999 d
1802 1970 1864 1999 eu
1879 1971 1922 1999 m
1941 1960 2188 2001 scribimuS.

628 2037 647 2073 1
684 2046 798 2080 QUAE
836 2045 935 2073 snsn
978 2045 1221 2074 INHONEs'rE
1254 2046 1292 2075 o.
1327 2038 1527 2084 optare
1559 2038 1627 2075 est
1657 2046 1798 2075 unum
1832 2036 1884 2075 de
1917 2036 2084 2076 duobus
2116 2035 2188 2075 eli-

568 2122 690 2159 gere:
726 2110 943 2159 Vergilius
975 2110 1090 2158 ‘pars
1122 2113 1272 2160 optare
1304 2111 1332 2150 1.
1365 2112 1410 2151 t.’
1443 2109 1566 2152 (Aen.
1602 2114 1638 2151 1.
1673 2112 1788 2162 425).

744 2186 765 2220 2
793 2195 951 2220 PARERE
980 2195 1047 2220 mo
1075 2195 1112 2221 D.
1143 2185 1278 2221 animo
1309 2186 1466 2222 heredis
1496 2186 1599 2222 dixit
1628 2187 1782 2231 ‘parere
1813 2186 1999 2223 divitias’.

627 2257 650 2294 2
685 2259 738 2299 (α)
771 2256 812 2294 τὸ
845 2255 999 2307 πρέπον
1033 2258 1169 2295 etiam
1203 2259 1428 2297 servatum
1462 2259 1531 2296 est
1556 2258 1682 2306 gravi
1711 2258 1822 2307 viro,
1851 2267 1951 2297 cum
1978 2258 2107 2297 illum
2124 2268 2187 2298 so·
2240 2273 2242 2278 2

570 2333 720 2371 brinae
749 2333 905 2381 pudet;
940 2333 1073 2371 simul
1107 2335 1149 2371 et
1182 2333 1250 2371 hic
1283 2335 1532 2373 ostenditur
1564 2334 1666 2373 eius.
1689 2334 1862 2382 generis
1889 2333 2028 2373 fuisse
2054 2333 2185 2383 Chry-

566 2408 728 2457 sidem,
767 2410 816 2447 ut
847 2409 978 2456 probe
1011 2409 1160 2447 vivere
1192 2410 1402 2459 potuerit,
1436 2410 1540 2460 nisi,
1575 2411 1624 2449 ut
1655 2409 1718 2448 ait
1744 2414 1800 2453 (v.
1830 2409 1914 2460 71),
1942 2410 2188 2450 necessitas

570 2486 755 2532 cogeret.
789 2485 813 2523 3
847 2493 970 2529 QUAM
1004 2495 1049 2522 IN
1082 2494 1246 2524 PArmA
1278 2496 1323 2524 H.
1357 2483 1568 2524 ἀντίθετον
1595 2485 1801 2534 primum.
1830 2486 1856 2524 4
1883 2495 2035 2525 Porrus
2063 2495 2186 2531 QUAM

568 2570 615 2599 ΙΝ
649 2570 688 2600 Ρ.
725 2570 770 2599 Η.
804 2570 842 2599 Ρ.
875 2571 916 2599 v.
950 2561 1019 2599 his
1052 2561 1196 2600 verbis
1229 2561 1319 2601 iam
1351 2562 1565 2601 honestus
1596 2572 1622 2600 a
1652 2563 1783 2611 poeta
1815 2561 2037 2602 inducitur
2068 2562 2187 2603 Crito

563 2638 607 2675 et
638 2636 814 2685 dignm,
849 2636 918 2675 cui
950 2637 1065 2675 credi
1098 2639 1314 2686 oporteat.

744 2710 762 2744 1
801 2719 943 2746 Porrus
977 2720 1089 2752 QUAM
1128 2720 1169 2746 m
1202 2721 1236 2747 P.
1276 2713 1453 2757 primum
1483 2712 1589 2749 dolet
1619 2711 1740 2757 Crito,
1770 2712 1863 2756 quia
1891 2713 2085 2748 meretrix
2111 2711 2188 2748 fuit

689 2763 875 2809 Chrysis,
904 2766 1081 2801 secundo
1106 2774 1349 2809 progressus
1374 2766 1571 2811 queritur,
1596 2767 1700 2810 quod
1726 2768 1888 2802 mortua
1910 2769 1986 2802 est.
2012 2766 2034 2801 2
2060 2763 2188 2802 a*Et

689 2820 802 2862 nota,
842 2819 945 2862 quod
984 2819 1060 2853 tria
1097 2819 1190 2854 dicit
1227 2821 1526 2865 contempsisse
1561 2819 1817 2865 Chrysidem:
1847 2819 2038 2864 patriam,
2066 2819 2185 2856 hone-

689 2873 856 2916 statem,
896 2874 1191 2916 paupertatem.
1228 2875 1250 2914 5
1280 2883 1440 2909 PAUPER
1471 2883 1617 2909 vwnnn
1647 2873 1730 2909 ‘sed
1759 2875 2026 2918 cognatorum
2053 2874 2186 2919 negle-

689 2925 826 2969 gentia
854 2925 1003 2961 coacta’
1033 2929 1083 2967 (v.
1115 2926 1190 2968 71).

470 3024 493 3067 ¹)
524 3024 620 3059 Vide
644 3023 796 3059 Wessn.
821 3024 859 3058 in
887 3036 959 3058 var.
985 3024 1068 3058 lect.
1093 3023 1134 3059 Si
1159 3025 1371 3069 exemplum
1397 3024 1555 3068 Vergilii
1579 3025 1813 3060 attendimus
1836 3025 2037 3070 requiritur
2055 3025 2186 3061 huius·

423 3077 524 3112 modi
556 3077 761 3112 sententia:
792 3079 867 3111 nat.
899 3080 935 3111 et
968 3077 1045 3121 ing.
1071 3078 1181 3117 actio,
1213 3091 1324 3122 quain
1351 3078 1547 3113 imitantur
1571 3090 1626 3118 es,
1651 3090 1749 3122 quae
1773 3078 1930 3113 facimus
1954 3078 2152 3114 industria.
2198 3123 2200 3125 ι
