2242 3443
176 1089 252 1127 546

176 1593 252 1630 547

175 1737 251 1775 548

175 1812 255 1852 549

174 2037 251 2074 550

174 2258 247 2295 551
305 2300 309 2307 ,

175 2408 251 2446 552

175 2857 251 2893 554

175 2932 251 2969 555

177 3076 252 3113 556

1023 244 1073 282 71

405 378 468 406 ΑΗ
510 372 564 400 NE
606 378 664 405 ME
706 378 892 406 OBSECRA
937 374 986 421 τῷ
1018 365 1250 423 ἕλληνισμῷ·
1292 368 1344 418 μὴ
1382 368 1558 407 λιτάνευε
1590 368 1642 418 μὴ
1676 370 1824 421 μάχου,
1858 382 1933 420 pro

325 444 390 484 ‘ne
423 444 654 484 obsecres’.

374 531 504 566 QUASI
535 532 619 560 Hoc
656 532 709 560 DE
742 531 915 561 oRANDo
948 532 1198 562 IMPETRARE
1230 534 1451 562 OPORTEAT
1480 524 1586 562 haec
1613 524 1739 572 plena
1766 535 1849 562 vox
1869 527 1934 563 est

321 599 364 636 et
395 597 592 636 caritatis
629 599 672 636 et
690 597 839 636 officii:
873 598 984 646 quod
1018 598 1137 637 enim
1164 599 1334 639 amicus
1366 600 1417 638 ab
1446 600 1587 638 amico
1614 600 1739 648 petit,
1768 601 1932 638 iustum

321 683 418 712 esse
450 673 593 722 debet,
629 683 706 712 nec
739 684 814 721 pro
849 684 917 721 eo,
955 674 1067 721 quod
1101 675 1168 712 est
1198 674 1386 723 iustum,
1421 675 1664 723 supplicare
1698 677 1878 723 oportet.

381 752 399 788 1
436 759 576 788 ALIUM
608 759 707 787 ESSE
741 759 896 787 CENSES
927 759 1044 788 NUNC
1076 760 1135 788 ME
1166 761 1308 795 ATQUE
1338 761 1440 789 OLIM
1473 761 1561 789 cUM
1588 762 1742 789 DABAM
1770 762 1847 789 nos
1875 752 1931 790 di-

322 826 462 864 cimus
494 835 610 863 cum
644 825 850 863 darem:
880 824 1100 873 Vergilius
1131 825 1238 864 ‘tum
1268 826 1430 873 decuit,
1460 837 1558 864 oum
1587 830 1759 875 sceptra
1785 827 1933 866 dabas’

322 902 442 944 (Aen.
477 902 515 939 3.
551 901 664 941 597).
700 901 724 938 2
758 900 807 938 Et
839 902 942 939 nota
975 899 1109 939 ‘olim’
1143 912 1220 949 pro
1252 912 1402 951 nuper.

495 975 517 1010 3
557 984 686 1010 ALIUM
723 984 816 1010 ESSE
853 985 997 1010 CENSES
1027 985 1134 1011 NUNC
1164 986 1215 1011 ME
1244 985 1324 1011 non
1354 986 1545 1021 persona⁷
1577 978 1645 1012 sed
1674 977 1729 1013 rei
1758 977 1931 1013 condicio

440 1029 690 1064 commutata
718 1030 793 1064 est.

379 1086 399 1123 l
433 1095 472 1123 SI
504 1096 549 1123 IN
576 1094 664 1122 REM
691 1094 766 1122 EST
795 1093 984 1129 UTRIQUE
1012 1095 1066 1122 UT
1094 1094 1226 1122 EIANT
1253 1091 1304 1137 τῷ
1334 1083 1500 1140 δευτέρῳ
1529 1085 1772 1139 συλλογίσμῳ
1800 1096 1931 1134 prave

322 1162 559 1210 proposuit,
591 1163 639 1200 ut
666 1164 781 1200 recte
808 1161 1052 1209 replicaret.
1080 1161 1160 1200 Hic
1187 1161 1474 1209 syllogismus
1505 1161 1806 1208 negativus
1832 1162 1931 1200 dici-

320 1240 408 1286 tur,
452 1248 555 1276 nam
599 1238 642 1275 in
684 1237 874 1276 secundo
915 1236 1094 1286 λήμματθ
1135 1238 1281 1285 negat,
1317 1238 1427 1285 quod
1456 1237 1576 1285 prius
1608 1237 1741 1284 dixit,
1777 1236 1864 1275 ‘sed
1897 1237 1933 1275 si

322 1325 377 1353 ex
410 1324 462 1352 ea
497 1324 543 1353 re
575 1314 672 1362 plus
705 1313 812 1352 mali
845 1314 913 1352 est
944 1323 1075 1361 quam
1109 1313 1358 1352 commodi’.
1392 1317 1416 1351 4
1449 1313 1566 1352 Bene
1586 1311 1808 1361 ‘utrique’:
1829 1312 1937 1350 mihi

325 1392 368 1429 et
399 1389 489 1428 tibi.
525 1391 578 1435 (α)

495 1464 517 1499 2
549 1473 585 1498 SI
612 1472 654 1498 IN
681 1473 732 1498 RE
760 1473 830 1498 EST
859 1472 1035 1505 UTRIQUE
1064 1465 1111 1499 ab
1140 1463 1229 1499 utili
1257 1465 1556 1507 argumentum.
1587 1463 1608 1498 3
1636 1473 1672 1499 SI
1693 1474 1733 1498 IN
1758 1473 1808 1498 RE
1832 1473 1866 1498 E.
1893 1473 1930 1498 U.

422 1519 713 1561 -utrumque
744 1518 790 1553 de
819 1517 974 1553 duobus
997 1518 1171 1554 constat.
1191 1519 1212 1552 4
1239 1527 1262 1551 a.
1287 1527 1366 1553 non
1393 1517 1506 1553 alteri
1530 1518 1626 1553 utile
1651 1517 1765 1553 alteri
1781 1516 1932 1552 inutile.

378 1590 402 1628 2
432 1589 618 1628 Mutavit
644 1599 894 1638 numerum,
924 1600 978 1628 ex
1005 1589 1160 1637 plurali
1187 1589 1479 1637 singularem:
1509 1588 1659 1637 ‘fiant',
1689 1589 1756 1628 ‘ex
1784 1600 1834 1628 ea
1861 1589 1935 1628 re’.

498 1664 515 1698 1
548 1673 619 1699 SED
650 1673 686 1699 SI
712 1673 765 1698 EX
794 1673 846 1698 EA
877 1673 926 1699 RE
953 1663 990 1698 id
1020 1665 1103 1699 est:
1134 1663 1380 1708 nuptiarum.

374 1746 419 1773 IN
451 1745 660 1774 COMMUNE
691 1734 807 1783 <UT
840 1735 938 1783 c.>
969 1735 1011 1773 id
1043 1736 1133 1773 est:
1167 1745 1222 1773 ex
1254 1734 1424 1782 aequali
1455 1734 1644 1782 provide.

379 1821 507 1855 QUASI
548 1822 587 1850 SI
629 1822 732 1850 ILLA
767 1822 856 1850 TUA
889 1821 955 1850 SIT
987 1821 1287 1856 PAMPHILIQUE
1319 1821 1400 1850 Eeo
1433 1820 1506 1849 SIM
1537 1820 1678 1849 PATER
1708 1811 1810 1849 nota
1837 1820 1931 1849 sua-

323 1887 553 1926 vissimam
587 1888 865 1930 varietatem.
900 1889 953 1929 (α)

493 1971 517 1996 α
547 1961 569 1986 *
597 1961 684 1998 Non
714 1962 820 1998 enim
851 1962 942 1998 dicit
972 1962 1099 2006 ‘quasi
1128 1962 1193 1997 illa
1217 1963 1289 1997 tua
1317 1961 1371 1997 Sit
1400 1962 1440 1997 et
1469 1961 1532 1996 ille
1561 1960 1705 1997 meus’.

374 2034 398 2072 2
432 2044 591 2079 ITAQUE
619 2045 727 2073 VOLo
756 2033 932 2083 ‘itaque’
961 2035 1093 2073 modo
1121 2034 1230 2072 duae
1257 2034 1404 2082 partes
1432 2033 1641 2072 orationis
1668 2034 1788 2080 sunt,
1816 2033 1862 2069 ut
1889 2031 1930 2068 in

321 2109 493 2158 Hecyra
525 2110 686 2158 ‘itaque
718 2120 805 2149 una
835 2111 950 2149 inter
983 2120 1064 2148 nos
1099 2119 1227 2158 agere
1259 2111 1451 2148 aetatem
1483 2109 1626 2147 liceat’
1661 2109 1716 2148 (v,
1750 2107 1862 2146 207).

498 2185 515 2219 1
546 2194 646 2220 IMMo
675 2188 743 2220 I'TA
772 2194 871 2221 voLo
901 2184 992 2228 quia
1021 2183 1119 2219 utile
1148 2184 1229 2228 est,
1259 2183 1350 2227 quia
1378 2183 1430 2218 ‘in
1459 2182 1515 2218 re'
1542 2183 1606 2218 est
1629 2181 1678 2227 (v,
1710 2182 1812 2223 546).

372 2266 460 2294 NISI
484 2267 582 2295 IPSA
609 2267 687 2295 RES
715 2267 891 2295 MONEAT
919 2256 1026 2294 bene
1051 2255 1200 2294 intulit
1228 2250 1442 2303 ‘moneat'‚
1470 2264 1555 2293 non
1584 2253 1813 2303 ‘postulet’,
1833 2252 1932 2300 quia

322 2330 521 2380 ‘postulo’
555 2332 764 2380 praetulit
795 2336 850 2376 (v.
886 2333 999 2371 550).

382 2408 402 2445 1
436 2417 540 2446 IRAE
572 2418 682 2446 SUNT
713 2417 845 2446 INTER
876 2417 1127 2446 GLYCERIUM
1159 2417 1210 2445 ET
1238 2416 1422 2445 GNATUM
1451 2407 1530 2444 hoc
1557 2405 1672 2443 laeto
1701 2403 1820 2442 vultu
1839 2412 1927 2450 pro-

320 2483 495 2521 nuntiat
527 2484 664 2532 Simo,
701 2485 725 2522 2
759 2482 815 2532 (α)
847 2483 1042 2531 loquItur
1070 2483 1185 2521 enim
1215 2483 1327 2531 apud
1356 2492 1476 2530 eum,
1505 2491 1560 2519 ex
1584 2491 1666 2528 quo
1693 2479 1928 2525 audiverat,

322 2557 600 2606 Pamphilum
643 2569 718 2608 pro
749 2569 887 2597 uxore
913 2559 1072 2597 habere
1100 2558 1374 2607 peregrinam
1391 2569 1400 2605 ;
1430 2557 1454 2595 3
1484 2566 1616 2595 AUDIO
1644 2555 1801 2593 ironia:
1826 2563 1928 2590 mox

320 2632 540 2682 ‘fabulae'3
571 2636 613 2674 et
638 2635 709 2674 hic
726 2636 833 2676 (scil.
855 2633 1076 2682 Chremes)
1093 2634 1218 2683 paulo
1236 2633 1477 2682 sapientior
1494 2632 1711 2671 inducitur
1728 2631 1769 2667 et
1787 2628 1933 2666 minus

322 2708 537 2748 obnoxius
568 2710 695 2750 dolis.

494 2785 516 2818 2
555 2794 579 2819 α
616 2784 666 2820 Et
702 2784 777 2821 hoc
805 2794 829 2820 a
857 2784 1038 2829 possibili
1069 2786 1146 2820 est.

376 2864 590 2894 PROEEoTo
622 2866 687 2894 src
718 2867 793 2895 EST
828 2855 1049 2904 ‘profecto’
1082 2854 1356 2894 confirmatio
1391 2855 1472 2892 est.

382 2931 401 2967 1
438 2940 673 2970 AMANTIUM
705 2942 808 2971 IRAE
841 2932 1059 2971 sententia
1086 2929 1284 2981 γυωμική,
1313 2930 1357 2968 in
1385 2939 1468 2976 qua
1495 2938 1520 2966 a
1546 2925 1687 2974 Specie
1714 2923 1930 2962 receditur

323 3006 366 3042 et
396 3005 440 3042 in
473 3015 626 3044 omnes
658 3007 820 3055 aliquid
851 3007 1020 3045 dicitur.
1055 3007 1079 3044 3
1112 3014 1375 3044 INTEGRATIO
1407 3000 1677 3041 instauratio.

491 3088 533 3113 ID
569 3089 617 3115 TE
656 3090 730 3116 0R0
759 3081 873 3116 deest
902 3080 976 3115 ‘ob'
1005 3081 1051 3114 ut
1080 3079 1151 3115 sit:
1184 3080 1230 3115 ob
1260 3079 1316 3123 id,
1346 3079 1391 3112 ut
1422 3075 1619 3119 Vergilius
1646 3071 1763 3116 ‘quod
1791 3072 1831 3106 te
1861 3079 1929 3114 per

443 3141 613 3177 superos
642 3134 736 3170 or0’'
766 3135 879 3177 (Aen.
910 3134 944 3169 2.
978 3134 1080 3175 141).
