2242 3443
112 327 190 365 438

116 479 190 515 439

114 851 192 889 440

117 1003 192 1041 441

118 1225 194 1262 442

119 1453 195 1490 4423

119 1963 196 2000 444

123 2267 200 2304 446

124 2616 198 2653 447

967 205 1021 240 59

317 334 409 363 NUM
446 336 574 363 ILLAE
611 336 834 364 MOLESTAE
861 335 896 370 Q.
924 337 968 364 H.
997 337 1030 365 S.
1058 338 1098 367 N.
1131 327 1378 377 ‘quippiam’
1406 329 1664 376 significatio
1695 333 1760 369 est
1786 333 1860 369 mi-

262 399 408 439 nimae
441 400 517 439 rei.

320 477 339 513 1
374 485 566 514 PROPTER
597 487 785 516 HmuscE
816 487 1030 516 HOSPITAE
1063 488 1424 518 consUETUDINEM
1456 480 1564 518 haec
1596 482 1742 519 omnia
1772 493 1860 530 pro-

259 551 510 590 nominibus
541 552 649 591 bene
680 552 852 592 mollita
883 555 1002 592 sunt.
1036 555 1087 594 (α)
1122 556 1145 592 2
1178 565 1365 593 HUIUSCE
1392 566 1605 594 HOSPITAE
1633 567 1666 594 c.
1697 558 1863 596 et‘hos-

260 623 391 675 pitae’
434 637 519 666 non
553 627 827 668 ‘meretricis’
861 631 903 667 et
936 628 1327 669 ‘consuetudinem’
1361 641 1444 670 non
1480 630 1700 670 ‘amorem’
1733 633 1862 671 dixit:

259 703 322 742 ita
352 704 501 742 omnia
533 706 749 743 extenuat
779 707 829 743 ut
860 704 1007 744 Davus
1040 706 1200 745 audeat
1233 705 1444 745 confiteri.

433 778 450 813 1
477 788 502 813 α
525 776 547 797 4
564 778 712 814 etenim
728 778 879 814 atrocia
894 780 1008 822 sunt,
1027 780 1166 815 sicum
1183 780 1268 815 suis
1284 780 1512 815 nominibus
1528 783 1635 816 nuda
1650 788 1868 826 ponuntur.

319 858 406 887 AUT
449 859 487 887 S1
529 859 643 888 ADEo
681 860 802 888 BIDUI
833 860 908 888 EST
941 860 1029 889 AUT
1062 860 1212 889 TRIDUI
1245 851 1351 890 bene
1384 852 1446 890 ait
1479 852 1530 890 ‘Si
1563 853 1698 902 adeo‘,
1733 864 1800 899 ne,
1832 854 1868 892 si

263 925 441 964 omnino
472 927 671 974 negaret,
707 924 796 965 ‘cur
826 926 960 973 igitur
992 926 1133 965 tristis
1167 927 1279 965 est?’
1314 926 1386 966 ille
1419 927 1594 967 diceret.

328 1001 352 1039 2
385 1011 540 1040 NOSTm
568 1011 727 1040 DEINDE
755 1012 936 1040 DESINET
964 1002 1008 1040 in
1036 1001 1355 1051 significatione
1374 1003 1611 1043 multorum
1630 1014 1738 1052 quae
1757 1014 1867 1043 com-

263 1077 407 1125 pendii
439 1077 627 1116 facimus
661 1076 821 1116 ‘nostin
834 1078 869 1116 ?’
903 1078 1103 1117 dicimus.

437 1151 454 1186 1
487 1160 743 1187 SOLLIOITUDO
772 1153 937 1196 propter
966 1151 1320 1197 perturbationem.

326 1224 346 1261 1
387 1233 478 1261 EAM
525 1233 615 1263 REM
651 1233 897 1262 REPUTAVIT
934 1234 1012 1262 VIA
1051 1223 1296 1272 ‘reputavit'
1335 1226 1607 1274 retractavit,
1647 1225 1746 1272 quia
1787 1235 1867 1274 pu-

264 1299 386 1338 tare
427 1309 613 1347 purgare
655 1301 742 1349 est,
783 1300 895 1338 unde
928 1302 971 1337 et
1004 1299 1180 1339 arbores
1211 1301 1252 1338 et
1284 1300 1398 1339 vites
1429 1302 1582 1348 putare
1615 1301 1811 1339 dicimus.
1846 1301 1869 1338 2

264 1385 341 1413 vrA
374 1375 567 1425 consilio,
600 1376 786 1415 ratione.

329 1453 348 1489 1
383 1461 529 1490 LAUDo
563 1461 700 1490 senex
732 1452 951 1490 inducitur
979 1454 1023 1490 et
1049 1452 1198 1490 credit.
1227 1452 1252 1490 3
1286 1451 1332 1490 Et
1359 1452 1468 1490 mire
1495 1452 1564 1490 hic
1591 1451 1728 1490 utitur
1755 1461 1872 1489 sen1s

266 1526 433 1565 verbis:
469 1529 560 1576 ipse
588 1528 704 1566 enim
732 1538 863 1576 supra
891 1528 1060 1566 dixerat
1089 1527 1207 1566 ‘dum
1236 1534 1413 1576 tempus
1440 1528 1491 1566 ad
1518 1537 1615 1566 eam
1644 1538 1675 1565 r.
1705 1528 1750 1565 t.’
1770 1529 1871 1565 cett.

266 1609 320 1648 (v.
368 1605 479 1646 188.)
517 1605 542 1642 5
575 1614 702 1643 TULIT
735 1604 818 1642 duo
851 1602 1093 1651 significat:
1127 1603 1278 1642 attulit
1310 1605 1352 1642 et
1385 1603 1587 1653 abstulit,
1620 1613 1776 1651 passus
1808 1604 1875 1640 est

267 1685 312 1722 et
353 1681 546 1732 pertulit.
591 1682 616 1720 6
658 1690 751 1718 DUM
783 1690 961 1718 LIGITUM
993 1689 1068 1717 EST
1101 1690 1144 1717 EI
1177 1680 1240 1718 Sic
1273 1682 1316 1718 et
1347 1679 1620 1727 placitum
1655 1679 1696 1716 et
1727 1678 1871 1727 pudi-

266 1761 382 1797 tum
415 1757 635 1805 dicebant,
670 1756 783 1803 quod
817 1765 896 1794 nos
929 1755 1147 1803 placuit
1181 1758 1224 1793 et
1255 1755 1465 1802 puduit.

441 1833 462 1867 2
492 1841 578 1866 DUM
608 1839 770 1865 LIOITUM
795 1839 866 1864 EST
894 1839 933 1864 E1
962 1829 1128 1864 ‘licitum
1159 1829 1234 1864 est’
1265 1838 1335 1872 per
1359 1830 1417 1873 te,
1446 1828 1521 1863 hoc
1549 1829 1630 1864 est:
1662 1828 1706 1862 tu
1735 1828 1873 1871 permi-

383 1885 483 1921 sisti.
519 1886 541 1920 4
572 1894 738 1926 DUMQUE
766 1893 894 1919 AETAS
925 1893 1042 1919 TULIT
1071 1884 1166 1918 dum
1195 1884 1305 1918 esset
1328 1883 1547 1917 immatura
1571 1883 1681 1917 aetas
1706 1880 1871 1926 nuptiis.

329 1960 346 1996 1
382 1967 472 1996 TUM
503 1967 548 1994 io
580 1966 696 1994 CLAM
731 1956 848 2004 bene,
885 1954 1043 2003 ‘clam’,
1078 1954 1179 2002 quia
1215 1964 1330 1992 nunc
1356 1953 1518 2001 liquido
1545 1955 1724 2001 apparet
1751 1953 1873 1991 Pam-

267 2033 436 2083 philum
466 2032 736 2071 voluntatem
764 2031 1124 2079 propositumque
1151 2032 1363 2068 mutasse.
1391 2030 1414 2067 2
1436 2032 1541 2075 [TUM
1559 2040 1603 2067 ID
1620 2039 1734 2067 cLAM
1754 2029 1872 2073 cett]

267 2111 377 2148 mire
410 2109 544 2147 utitur
575 2108 696 2146 senis
728 2107 894 2146 verbis:
924 2107 1016 2155 ipse
1046 2106 1161 2145 enim
1190 2116 1321 2154 supra
1347 2105 1517 2144 dixerat
1547 2104 1661 2143 ‘dum
1689 2104 1875 2152 tempus’

270 2196 306 2225 e.
340 2196 378 2233 q.
412 2196 447 2223 s.
481 2189 536 2229 (v.
575 2184 686 2224 188).
707 2179 733 2227 1)

293 2307 297 2314 Ι
333 2263 351 2300 1
387 2271 504 2300 NUNC
535 2270 680 2299 UxoRE
712 2269 818 2298 opus
845 2270 920 2297 EST
948 2268 1126 2297 ANIMUM
1153 2268 1212 2296 AD
1239 2267 1419 2296 UXOREM
1446 2266 1632 2295 APPULIT
1657 2254 1782 2302 quasi
1809 2254 1874 2291 de-

269 2337 488 2376 nuntiatio
530 2340 596 2375 est
638 2336 854 2383 quaedam
896 2335 1015 2373 senis
1057 2333 1335 2372 necessitatis
1376 2332 1623 2381 impositae.
1667 2331 1691 2368 3
1734 2329 1783 2367 Et
1814 2328 1876 2366 sic

269 2413 380 2451 dixit
413 2411 480 2451 ‘ad
514 2422 696 2450 uxorem
729 2410 910 2459 appulit’
944 2412 991 2448 ut
1025 2419 1156 2457 supra
1192 2408 1403 2447 ‘animum
1433 2407 1485 2445 ad
1518 2417 1552 2444 S.
1583 2406 1636 2444 a.'
1669 2404 1788 2453 (prol.
1824 2404 1874 2444 1).

444 2486 466 2520 2
505 2483 528 2506 4
566 2486 614 2521 Et
643 2486 741 2521 bene
771 2483 949 2528 ‘appulit'
979 2483 1095 2527 quasi
1123 2483 1170 2518 ab
1199 2481 1415 2518 iactatione
1444 2481 1637 2516 fluctuum
1667 2480 1706 2513 et
1735 2478 1874 2513 aestus

387 2539 549 2584 marini,
577 2539 650 2575 has
679 2540 787 2575 enim
816 2538 1082 2582 tempestates
1112 2537 1234 2572 habet
1262 2545 1388 2571 amcr.

332 2613 351 2649 1
395 2621 644 2650 SUBTRISTIS
687 2620 810 2649 VISUS
842 2619 916 2648 EST
948 2619 1048 2647 ESSE
1079 2618 1122 2647 A.
1155 2618 1200 2646 M.
1235 2606 1344 2645 ‘Sub’
1378 2605 1776 2653 temperamentum
1808 2602 1876 2639 est

270 2687 424 2735 plenae
464 2685 850 2736 pronuntiationis,
885 2685 936 2725 (α)
970 2686 1019 2722 ut
1050 2683 1372 2722 confessionem
1406 2680 1593 2720 eliceret.
1626 2678 1650 2715 2
1683 2685 1874 2715 SUBTms·

273 2773 338 2801 T1s
368 2772 443 2800 EST
475 2773 516 2801 v.
549 2773 586 2801 E.
620 2772 662 2800 A.
696 2772 741 2800 M.
776 2761 885 2798 mire
917 2761 1144 2798 servatum
1180 2759 1248 2797 est
1278 2758 1321 2795 in
1355 2755 1633 2794 adulescente
1659 2750 1700 2789 τὸ
1726 2747 1876 2800 πρέπον

271 2840 315 2876 et
350 2838 394 2875 in
427 2839 626 2875 amatore
658 2835 699 2874 τὸ
730 2834 924 2884 πιθανόν,
954 2844 1056 2873 nam
1091 2836 1134 2872 et
1167 2834 1349 2871 'nonesto
1382 2829 1529 2868 iuveni
1560 2837 1644 2865 non
1677 2834 1876 2872 congrue-

270 2913 343 2951 bat
386 2912 632 2960 versipellis
675 2911 827 2950 vultus
870 2911 914 2948 et
961 2910 1206 2947 amatorem
1250 2906 1489 2945 absurdum
1532 2902 1673 2941 fuerat
1715 2899 1878 2947 ingenii

172 3071 196 3113 1)
221 3071 411 3106 Scholium
435 3071 634 3115 repetitum
659 3072 694 3105 et
719 3071 791 3105 huc
815 3081 936 3104 errore
961 3068 1124 3103 delatum
1152 3079 1170 3101 e
1196 3065 1340 3102 scholio
1363 3063 1474 3100 tertio
1498 3062 1544 3098 ad
1571 3073 1603 3095 v.
1624 3059 1699 3094 443.
