2242 3443
124 499 200 535 929

126 1304 203 1341 930

128 1531 202 1567 931

128 1910 203 1946 933

134 2210 208 2246 931

136 2391 213 2428 934

972 219 1053 256 109

268 344 384 392 bum,
430 343 524 382 ‘nos
567 343 690 381 decet
731 343 887 381 facere'
931 341 1023 380 ‘nos
1067 342 1189 381 decet
1231 342 1403 389 dicere',
1448 341 1483 378 si
1527 350 1610 378 non
1656 340 1886 387 addebant,

270 419 412 458 ‘nobis
445 419 581 458 decet’
616 418 831 457 dicebant.

332 496 351 532 1
397 504 569 532 PRIMUM
612 504 748 532 HUIUS
781 504 940 532 uxoriis
973 504 1046 532 EST
1075 503 1224 531 MATER
1256 492 1407 540 incipit
1439 502 1463 529 a
1495 491 1782 539 persuasione
1814 490 1889 528 sed

268 569 472 617 latenter,
516 570 578 607 ita
621 570 669 607 ut
712 579 763 607 ea
806 579 915 616 quae
948 570 1171 617 proposito
1204 568 1388 606 consilio
1420 567 1602 605 dicenda
1633 569 1759 605 erant
1790 568 1890 604 ante

271 645 586 684 demonstrarit
628 655 758 692 quam
792 645 908 683 dicat
941 645 1041 692 quid
1074 644 1167 683 fieri
1201 644 1329 691 velit;
1364 645 1408 682 et
1439 643 1520 683 hoc
1552 653 1725 691 semper
1758 642 1806 680 fit
1839 642 1889 680 ab

270 722 519 761 oratoribus
564 722 608 759 in
657 722 726 759 his
772 721 916 769 rebus,
964 721 1112 768 <a>
1160 720 1318 767 quibus
1364 719 1556 767 incipere
1597 727 1680 755 non
1724 720 1893 765 oportet

269 800 444 846 propter
488 797 805 845 turpitudinem
854 799 929 836 aut
976 796 1389 835 incommoditatem
1439 795 1513 843 rei,
1563 804 1672 841 quae
1715 803 1891 842 persua-

272 873 413 912 denda
460 874 549 920 est;
598 872 826 911 considera
869 873 974 912 adeo
1019 873 1131 921 apud
1174 872 1415 920 Vergilium
1457 872 1578 910 (Aen.
1606 871 1645 908 5.
1665 870 1749 908 606
1768 875 1889 917 sqq),

271 949 346 987 ubi
386 949 621 998 persuadet
654 948 736 987 Iris
768 948 1000 998 matribus,
1034 952 1081 987 ut
1115 958 1249 987 naves
1282 958 1386 986 suas
1420 946 1667 994 incendant,
1701 948 1743 984 et
1775 947 1877 984 inve

272 1026 367 1064 nies
400 1026 481 1064 hoc
514 1025 660 1073 ipsum
694 1025 927 1063 consilium
961 1025 1170 1063 ultimum
1204 1024 1304 1073 poni
1337 1025 1437 1072 post
1469 1024 1728 1071 argumenta
1760 1032 1891 1069 quam

271 1101 463 1150 plurima
497 1100 614 1148 ‘quin
648 1102 766 1149 agite
799 1103 843 1139 et
874 1111 933 1139 m.
967 1101 1043 1139 inf.
1080 1111 1178 1140 exu.
1212 1101 1266 1149 p.’
1302 1103 1356 1145 (ν.
1391 1101 1506 1143 635).

446 1175 469 1210 2
510 1175 558 1209 Et
592 1174 751 1210 initium
791 1185 814 1210 a
842 1175 1025 1219 possibili
1052 1175 1202 1211 factum
1233 1176 1309 1219 est,
1340 1183 1434 1209 nam
1465 1173 1556 1208 dicit
1591 1172 1724 1207 ‘huius
1755 1171 1893 1208 uxoris

391 1231 454 1264 est
483 1230 639 1264 mater’.

335 1301 353 1337 1
398 1310 540 1338 PROBA
582 1310 633 1338 ET
675 1310 876 1338 MODESTA
918 1299 1080 1349 ‘proba’
1123 1300 1218 1348 sibi,
1264 1299 1322 1338 ‘et
1364 1298 1579 1337 modesta’
1615 1297 1727 1345 apud
1760 1296 1893 1343 alios;

276 1375 300 1412 2
333 1377 376 1413 et
410 1375 508 1414 vide
533 1375 686 1414 laudes
713 1376 1071 1414 conciliatoribus
1097 1376 1304 1414 inventas
1332 1376 1374 1413 et
1402 1375 1604 1414 usitatas
1625 1374 1648 1411 3
1669 1384 1741 1411 ITA
1759 1382 1895 1411 AiUNT

275 1451 357 1489 hoc
389 1451 454 1489 ita
485 1451 736 1500 respondet,
769 1452 897 1499 quasi
929 1452 1047 1490 dicat
1080 1451 1169 1490 ‘sed
1203 1451 1303 1498 quid
1336 1451 1482 1488 mea?'

338 1528 357 1565 1
393 1538 484 1566 soro
516 1528 657 1567 adhuc
690 1528 815 1567 Micio
848 1538 931 1568 non
967 1527 1186 1576 intellegit
1214 1538 1298 1575 quo
1326 1537 1396 1566 res
1423 1527 1588 1574 tendat,
1619 1526 1694 1564 sed
1721 1527 1894 1564 tantum

277 1602 401 1641 vultu
442 1604 631 1651 quodam
671 1604 934 1642 admirantis
965 1614 1040 1642 cur
1072 1604 1154 1642 hoc
1186 1603 1357 1641 dicatur
1389 1602 1635 1650 respondet.
1670 1602 1693 1639 2
1728 1611 1897 1639 PARERE

276 1689 393 1717 HAEC
438 1689 520 1718 IAM
563 1689 637 1718 Dm
683 1690 766 1718 PER
805 1690 950 1718 ANNos
992 1689 1079 1718 NoN
1122 1689 1279 1717 POTEST
1322 1680 1455 1726 recte,
1500 1688 1554 1716 ne
1598 1681 1752 1716 contra
1784 1676 1898 1715 filios

275 1757 399 1802 pater
446 1756 632 1794 suadere
680 1755 895 1796 videatur.
949 1757 973 1795 3
1018 1766 1100 1794 PER
1142 1765 1285 1795 ANNOS
1326 1764 1412 1792 NON
1456 1764 1612 1792 POTEST
1655 1754 1764 1792 bene
1809 1753 1897 1802 ‘per

277 1832 447 1880 annos’,
481 1832 581 1879 quia
614 1842 699 1871 non
733 1835 801 1871 est
834 1832 1015 1871 sterilis.

335 1907 355 1945 1
389 1917 510 1946 HANG
542 1919 593 1946 TE.
623 1919 807 1954 AEQUUM
840 1919 914 1948 EST
948 1919 1115 1948 DUCERE:
1144 1908 1213 1957 ‘te,
1245 1908 1382 1947 Micio'
1412 1907 1593 1946 scilicet.
1623 1906 1647 1944 2
1666 1917 1716 1944 ET
1735 1916 1786 1943 TE
1804 1915 1897 1943 opn-

278 1992 372 2020 ΒΑΜ
411 1993 466 2021 UT
508 1994 609 2022 FIAT
652 1994 768 2023 DARE
813 1984 880 2032 ‘te,
925 1985 1174 2034 Aeschine',
1219 1993 1319 2022 nam
1355 1983 1408 2021 ad
1440 1983 1565 2021 illum
1599 1991 1840 2020 conversus
1874 1991 1898 2019 a

277 2058 461 2098 Micione
495 2063 586 2107 est;
621 2063 664 2099 et
697 2070 832 2108 quare
864 2061 1136 2100 Aeschinum
1169 2061 1273 2099 dare
1307 2069 1495 2106 aequum
1531 2056 1632 2098 est?
1658 2057 1823 2096 scilicet
1852 2058 1898 2095 ut

279 2135 419 2183 prosit
451 2136 612 2175 socrui.

452 2210 476 2244 4
500 2221 659 2246 PARERE
684 2221 789 2248 HAEC
816 2222 890 2248 IAM
914 2222 985 2248 Dm
1007 2223 1082 2248 PER
1111 2221 1244 2248 ANNos
1270 2220 1350 2246 NON
1375 2219 1522 2246 POTEST
1543 2209 1616 2244 hoc
1641 2211 1780 2244 autem
1797 2207 1897 2243 addi-

399 2264 468 2309 dit,
498 2274 548 2300 ne
577 2268 719 2302 contra
746 2266 848 2302 filios
876 2269 990 2311 pater
1021 2267 1190 2302 suadere
1217 2265 1402 2301 videatur
1425 2263 1601 2308 nuptias,
1628 2263 1661 2297 si
1685 2261 1762 2297 illis
1789 2262 1899 2297 cohe-

398 2320 515 2354 redes
545 2329 637 2356 esse
668 2322 936 2365 procreandos
967 2322 1147 2357 suadeat.

290 2381 294 2388 “
344 2392 360 2426 1
393 2399 451 2427 ΜΕ
480 2401 646 2429 DUCERE
674 2402 825 2430 AUTEM
851 2392 1024 2440 <Tn>
1052 2402 1212 2439 magna
1241 2392 1309 2429 vis
1336 2390 1380 2428 in
1407 2387 1740 2438 pronominibus
1758 2387 1900 2435 posita

280 2465 360 2513 est,
405 2475 508 2504 nam
552 2464 651 2506 ‘me'
695 2467 768 2506 ille
812 2468 876 2507 sic
918 2468 1025 2507 dicit
1065 2468 1190 2516 quasi
1230 2477 1388 2515 quem
1421 2466 1650 2505 minime
1683 2464 1896 2511 deceat,

291 2538 359 2578 ‘te'
408 2541 478 2580 hic
525 2542 589 2581 sic
636 2543 871 2591 respondet
919 2544 1044 2591 quasi
1107 2553 1262 2591 quem
1323 2542 1567 2581 maxime
1625 2540 1898 2588 oporteat.

290 2616 314 2653 2
348 2626 516 2655 INEPTIS
546 2618 728 2657 verbum
763 2621 842 2668 est,
878 2619 991 2667 quod
1024 2619 1130 2658 facit
1162 2619 1383 2668 ineptio
1426 2617 1641 2665 ineptis
1673 2614 1898 2662 ineptit.

290 2692 316 2729 4
358 2702 397 2730 sr
438 2703 495 2732 TU
537 2704 599 2732 s1s
640 2704 760 2733 HOMO
804 2695 1048 2742 Aeschine;
1084 2697 1108 2734 6
1143 2698 1196 2740 (si
1229 2705 1284 2733 TU
1317 2704 1381 2733 sis
1413 2697 1547 2737 HOMO)
1582 2693 1652 2730 hic
1684 2691 1824 2729 facete
1858 2691 1901 2727 et

288 2767 400 2806 mire
440 2769 582 2816 coegit
623 2770 892 2808 Aeschinum
935 2771 988 2808 ad
1030 2770 1393 2818 persuadendum,
1437 2779 1522 2807 non
1556 2767 1673 2806 enim
1707 2766 1817 2804 dixit
1850 2763 1901 2802 ‘si

289 2843 337 2880 tu
369 2843 430 2882 sis
461 2844 607 2893 homo,
643 2845 886 2894 persuade’,
921 2847 998 2884 sed
1032 2846 1115 2884 ‘hic
1149 2846 1311 2894 faciat’,
1346 2846 1394 2883 ut
1424 2844 1476 2882 ab
1509 2843 1582 2881 illo
1615 2852 1698 2881 non
1734 2841 1900 2879 factum

292 2917 368 2956 sed
401 2919 607 2958 effectum
641 2921 851 2968 exigeret.

464 2985 487 3022 3
527 2996 563 3021 SI
591 2995 643 3021 TU
672 2995 730 3021 SIS
759 2996 868 3022 HOMO
898 2996 977 3022 non
1007 2986 1054 3022 ‘si
1083 2987 1140 3023 es’
1171 2988 1240 3022 sed
1269 2985 1442 3032 ί<5ἰ>
1472 2985 1542 3020 sis’
1574 2983 1685 3023 dixit.
1717 2981 1831 3027 quasi
1859 2981 1898 3016 in

410 3048 457 3074 eo
490 3049 533 3075 se
562 3039 767 3076 hominem
795 3040 849 3075 sit
877 3040 1103 3076 Aeschinus
1132 3042 1388 3085 probaturus.
1418 3040 1441 3075 5
1471 3049 1507 3074 SI
1537 3048 1595 3073 81s
1624 3047 1715 3082 pro:
1746 3036 1780 3072 si
1810 3045 1900 3072 esse

408 3092 586 3130 volueris
613 3096 652 3130 et
682 3094 716 3130 si
745 3094 851 3130 credi
878 3094 999 3131 homo
1028 3105 1120 3131 esse
1151 3094 1338 3131 volueris.
