2242 3443
763 1193 865 1242 PR
879 1193 1238 1244 AEFATIO

239 1454 321 1493 Per
353 1457 495 1493 totum
529 1457 832 1494 commentum
862 1455 1031 1494 scholia
1057 1466 1234 1503 prorsus
1261 1457 1365 1494 sunt
1390 1456 1556 1494 similia
1584 1456 1695 1503 quod
1724 1457 1885 1495 attinet

122 1529 173 1567 ad
207 1541 368 1577 genera
400 1541 511 1578 quae
543 1533 792 1569 tractantur
823 1531 973 1579 (praef.
1008 1531 1025 1569 Ι
1058 1541 1097 1580 p.
1130 1531 1205 1570 III)
1239 1533 1282 1569 et
1309 1531 1359 1568 ad
1389 1532 1543 1569 stilum
1572 1534 1702 1578 atque
1729 1533 1883 1570 oratio-

122 1615 224 1644 nem
280 1606 376 1644 sive
429 1608 717 1654 genuinorum
763 1607 858 1645 sive
906 1607 1177 1656 spuriorum;
1227 1607 1302 1645 sed
1349 1607 1516 1646 scholia
1563 1609 1615 1646 ad
1662 1608 1883 1656 Adelphos

121 1681 338 1730 Hecyram
381 1682 704 1731 Phormionem,
748 1692 858 1730 quae
899 1682 979 1720 hoc
1023 1682 1244 1721 volumine
1287 1683 1579 1731 continentur,
1619 1683 1824 1721 differunt
1855 1693 1879 1721 a

118 1757 296 1796 scholiis
328 1758 381 1796 ad
414 1759 625 1797 Andriam
654 1760 782 1806 atque
808 1757 1064 1796 Eunuchum
1096 1758 1287 1806 primum
1315 1759 1359 1796 in
1389 1768 1450 1805 eo,
1471 1758 1584 1806 quod
1602 1758 1654 1796 ad
1673 1760 1762 1796 tres
1780 1758 1880 1796 illas

117 1833 287 1872 fabulas
320 1834 467 1873 minus
508 1834 657 1882 ampla
697 1837 800 1872 sunt
841 1837 884 1873 et
926 1835 1071 1873 minus
1111 1835 1370 1883 frequentia,
1410 1837 1503 1872 turn
1540 1844 1642 1872 vero
1675 1834 1787 1881 quod
1820 1834 1878 1872 ibi

121 1909 259 1949 multo
292 1911 459 1949 rariora
490 1912 593 1948 sunt
626 1920 676 1948 ea
718 1920 828 1957 quae
858 1911 1017 1951 υοθεία,
1046 1911 1208 1949 indicia
1235 1921 1338 1958 prae
1366 1920 1412 1948 se
1439 1910 1584 1948 ferunt
1606 1905 1646 1955 ¹).
1666 1908 1880 1948 Cohaeret

119 1996 218 2024 cum
275 1996 325 2025 ea
371 1986 640 2025 scholiorum
688 1987 947 2024 diversitate
991 1986 1103 2034 quod
1145 1987 1187 2024 in
1230 1987 1310 2023 hac
1353 1985 1592 2024 commenti
1634 1988 1756 2033 parte
1807 1986 1879 2023 vix

119 2072 327 2109 umquam
361 2063 581 2101 invenitur
613 2063 867 2111 perturbata
895 2063 1135 2101 multorum
1169 2062 1437 2100 scholiorum
1471 2062 1594 2110 copia
1622 2062 1673 2099 ad
1702 2062 1876 2099 eosdem

119 2147 284 2186 versus,
333 2138 475 2186 qualis
522 2139 563 2178 in
613 2139 753 2187 priore
801 2150 930 2187 saepe
978 2149 1164 2186 magnas
1211 2138 1336 2176 nobis
1378 2137 1611 2176 molestias
1653 2137 1879 2175 facessivit

118 2213 160 2251 in
208 2214 461 2261 separandis
508 2215 710 2262 genuinis
759 2217 802 2253 et
848 2215 1023 2263 spuriis.
1066 2214 1210 2252 Etiam
1255 2214 1422 2252 scholia
1465 2213 1628 2251 similia
1671 2216 1747 2251 aut
1789 2213 1877 2250 fere

117 2289 281 2328 similia
323 2290 376 2328 ad
419 2291 496 2328 has
538 2290 709 2328 fabulas
741 2301 828 2329 non
861 2290 1036 2338 quidem
1070 2291 1243 2339 desunt,
1279 2291 1353 2328 sed
1387 2292 1429 2328 et
1459 2300 1642 2328 numero
1676 2289 1879 2343 pauciora

118 2351 223 2402 sunt
254 2367 298 2403 et
330 2366 522 2404 referunt
555 2376 640 2404 non
672 2366 860 2414 quinque
894 2376 1066 2414 genera,
1102 2368 1149 2404 ut
1181 2365 1269 2404 illic
1296 2366 1443 2414 (praef.
1474 2366 1491 2403 I
1519 2375 1557 2413 p.
1588 2364 1666 2402 VII
1694 2367 1773 2410 sq.)
1800 2364 1876 2401 sed

117 2441 310 2488 speciem
354 2451 487 2479 unam
531 2441 815 2489 eandemque.
851 2442 931 2479 His
964 2441 1015 2480 de
1049 2441 1194 2480 causis
1228 2441 1401 2489 accidit,
1435 2442 1483 2479 ut
1514 2441 1556 2478 in
1590 2439 1875 2485 restituenda,

117 2519 330 2564 quantum
363 2517 486 2556 licuit
534 2518 720 2566 pristina
752 2518 991 2556 commenti
1019 2518 1285 2566 condicione,
1310 2517 1450 2555 multo
1478 2516 1718 2564 simplicior
1746 2524 1875 2561 quam

117 2593 160 2630 in
203 2592 340 2630 altera
381 2595 502 2640 parte
544 2603 675 2641 opera
717 2594 824 2631 mihi
867 2593 1117 2641 exsisteret,
1161 2603 1262 2631 curn
1304 2591 1522 2630 deteriora
1553 2589 1721 2629 scholia
1752 2588 1876 2627 facile

116 2668 454 2715 agnoscerentur
486 2669 716 2717 ipsumque
750 2671 1052 2707 commentum
1080 2669 1282 2716 graviora
1310 2667 1491 2705 vulnera
1517 2667 1589 2704 vix
1619 2665 1871 2713 accepisset.

165 2859 187 2901 ¹)
215 2858 272 2892 Ad
298 2857 478 2893 Andriam
587 2858 623 2892 in
647 2857 801 2892 scholiis
823 2857 969 2891 circiter
1075 2856 1218 2891 MMCC
1318 2855 1443 2899 spuria
1459 2853 1587 2888 notavi
1636 2850 1843 2886 DCCLXX.

233 2937 249 2952 „
298 2911 519 2945 Eunuchum
598 2936 614 2953 „
710 2936 726 2952 „
879 2936 896 2952 ,‚
1093 2909 1202 2943 MMC
1376 2933 1392 2949 „
1508 2932 1524 2947 „
1644 2903 1843 2938 DCXXVI.

230 2989 246 3005 „
296 2963 493 3006 Adelphos
601 2989 617 3006 „
712 2989 728 3005 „
878 2989 894 3005 „
1096 2961 1202 2995 MCM
1377 2985 1393 3002 „
1509 2985 1525 3000 „
1663 2955 1838 2991 CCCXV.

231 3042 247 3058 „
298 3016 481 3060 Hecyram
601 3043 617 3058 „
712 3043 728 3058 „
879 3042 894 3057 „
990 3015 1023 3048 M
1035 3014 1158 3049 DCCC
1167 3013 1295 3047 LXXX
1369 3039 1385 3054 „
1505 3038 1520 3053 „
1607 3007 1870 3043 CCCXXVIII.

230 3094 246 3110 „
297 3069 560 3102 Phormionem
599 3094 615 3110 „
1023 3065 1258 3100 MCCCCXX
1372 3092 1387 3106 „
1506 3089 1521 3104 ‚,
1671 3059 1814 3095 CCXX.

165 3122 216 3155 ne
241 3128 366 3158 mem
391 3121 539 3155 indiciis
565 3121 642 3155 dixi
669 3120 705 3154 in
733 3120 851 3154 Praei.
877 3094 893 3153 ἰ’
918 3132 950 3163 p.
977 3118 1027 3152 iv
1054 3131 1134 3162 sqq.

157 3189 316 3211 KARSTEN.
336 3183 422 3210 Com.
442 3182 521 3210 Don-
