2242 3443
401 239 438 265 vl
1148 235 1404 264 PRAEFATIO.

399 354 638 392 sanissima
679 355 799 400 sunt,
842 355 972 400 atque
1008 352 1044 389 si
1071 350 1228 389 Donati
1262 352 1584 401 commentum,
1617 354 1667 390 ut
1697 354 1803 391 sunt
1835 353 1909 401 qui
1941 353 2098 402 putent
2118 347 2159 400 ¹),

399 429 666 468 ‘mutilatum
698 431 826 477 atque
854 428 1158 466 dilaceratum’
1187 426 1239 466 ad
1266 436 1346 465 nos
1372 427 1589 477 pervenit,
1612 437 1664 467 ea
1679 428 1838 468 saltem
1857 428 2025 468 scholia
2039 428 2161 467 illam

397 504 564 542 cladem
609 505 704 542 sine
742 504 919 542 vulnere
948 512 1154 552 perpessa
1186 504 1290 541 sunt
1322 503 1533 551 nobisque
1566 504 1771 553 exempla
1802 505 2012 554 praebent
2039 504 2160 544 scho-

398 580 552 618 liorum
588 581 894 627 genuinorum,
931 579 981 617 ad
1015 588 1199 626 quorum
1235 578 1437 618 habitum
1471 579 1638 628 reliqua
1668 581 1784 630 exigi
1817 582 2019 630 possunt,
2047 579 2163 619 unde

399 656 487 694 veri
536 657 678 704 specie
721 656 832 694 haud
876 655 1120 703 spernenda
1156 654 1423 694 constituere
1455 655 1575 705 licet,
1609 656 1711 705 quid
1743 658 1868 697 Aelio
1899 656 2072 696 Donato
2103 656 2161 695 di-

396 742 530 779 gnum
570 732 670 778 quid
709 732 935 779 indignum
969 731 1043 780 sit,
1078 731 1121 769 in
1153 730 1208 769 iis
1240 731 1497 779 praesertim
1531 731 1728 780 scholiis,
1761 741 1946 780 quorum
1978 729 2087 769 fides
2119 731 2163 768 et

396 809 633 846 auctoritas
680 810 852 856 propter
899 807 984 845 alia
1031 816 1200 855 quoque
1248 807 1409 846 indicia
1450 809 1518 847 est
1565 807 1812 848 sublestior.
1858 807 2012 855 Itaque
2059 805 2163 846 talis

393 883 665 932 singulorum
706 882 972 922 scholiorum
1015 883 1272 922 aestimatio
1313 892 1369 922 ex
1409 883 1584 923 indiciis
1625 894 1757 934 supra
1797 884 1952 933 positis
1983 885 2030 922 et
2060 892 2162 922 cum

395 958 602 998 Donateis
634 959 900 1007 comparatio
933 959 1110 997 omnino
1138 959 1389 998 necessaria
1416 961 1500 1009 est,
1530 961 1580 999 ut
1605 970 1793 1008 aequum
1812 959 1864 999 de
1880 960 1934 998 iis
1951 958 2160 998 iudicium

395 1036 559 1074 feratur
611 1037 654 1073 et
703 1035 783 1074 hoc
834 1035 918 1083 est,
971 1034 1083 1082 quod
1130 1034 1219 1074 iam
1268 1035 1312 1074 in
1355 1035 1436 1075 hac
1477 1035 1745 1085 praefatione
1796 1036 1939 1075 facere
1989 1034 2164 1074 institui

395 1115 522 1160 atque
564 1111 788 1150 absolvam
830 1111 872 1149 in
908 1111 1263 1150 adnotationibus
1294 1112 1397 1151 huic
1428 1112 1607 1152 editioni
1639 1112 1906 1161 subiunctiS,
1940 1111 2164 1151 succincte

395 1190 562 1235 tamen,
606 1198 659 1227 ne
696 1188 803 1227 liber
846 1189 889 1227 in
930 1189 1199 1229 immensum
1241 1191 1429 1239 crescat,
1472 1192 1516 1229 et
1557 1190 1758 1240 relegans
1789 1199 1920 1239 saepe
1952 1189 2159 1229 lectorem

395 1264 445 1302 ad
480 1274 530 1302 ea
560 1274 670 1312 quae
703 1267 833 1304 antea
859 1266 902 1303 in
936 1265 1245 1314 Mnemosynes
1276 1266 1500 1306 fasciculis
1531 1267 1707 1306 uberius
1739 1266 1973 1316 disputavi.

537 1341 584 1378 In
626 1340 916 1389 explanandis
948 1342 1206 1391 indiciis,
1240 1352 1424 1391 quorum
1454 1343 1645 1392 primum
1674 1342 1911 1392 petendum
1944 1350 2042 1381 esse
2072 1341 2163 1380 dixi

395 1427 416 1454 e
459 1416 727 1455 scholiorum
770 1417 897 1457 valde
933 1417 1175 1458 multorum
1218 1419 1607 1459 similitudine
1640 1420 1717 1458 aut
1748 1418 2157 1467 discrepantia,

396 1503 494 1531 cum
529 1493 582 1531 iis
614 1493 721 1532 mihi
755 1503 825 1533 res
858 1495 943 1543 est,
978 1494 1052 1542 qui
1085 1505 1107 1533 e
1139 1493 1425 1535 Wessneri
1451 1495 1652 1545 opinione
1679 1495 1966 1544 contendunt,
1994 1493 2161 1534 scholia

394 1569 573 1618 similia,
608 1570 841 1619 contraria,
875 1571 1166 1620 repugnantia
1190 1571 1291 1611 inde
1317 1572 1556 1611 derivanda.
1581 1582 1697 1620 esse,
1726 1571 1838 1620 quod
1855 1571 2015 1611 hausta
2031 1570 2160 1610 sinte

395 1646 614 1684 communi
642 1646 780 1695 fonte,
807 1646 849 1685 id
877 1648 944 1686 est
968 1657 990 1686 e
1014 1649 1267 1688 commento
1284 1647 1444 1687 Donati
1460 1649 1670 1697 genuino,
1689 1648 1801 1697 quod
1828 1647 1895 1686 ‘in
1927 1647 2159 1686 duorum

395 1723 763 1769 exceptorum
809 1732 1004 1762 manus
1038 1724 1264 1773 incidit,
1308 1725 1399 1773 qui
1441 1725 1672 1764 servato
1705 1723 1961 1763 auctoris
1994 1721 2158 1762 nomi·

395 1808 456 1836 ne
499 1798 718 1836 scholia
753 1799 1048 1839 maximam
1082 1802 1301 1849 partem
1335 1800 1462 1850 plus
1494 1801 1757 1840 minusve
1790 1799 2156 1839 transforma-

394 1882 447 1911 ta
480 1873 531 1912 in
560 1873 1031 1915 Terentianorum
1065 1877 1322 1916 codicum
1355 1877 1634 1926 margines
1666 1870 2156 1925 transtulerunt2).

513 1950 556 1988 Si
599 1960 751 1989 verum
797 1953 883 2000 est,
918 1953 1028 2001 quod
1061 1953 1191 1993 modo
1229 1953 1571 2003 disputavimus,
1602 1962 1891 2002 permagnum
1925 1960 2158 2000 superesse

393 2025 658 2065 scholiorum
691 2037 943 2078 numerum,
978 2039 1090 2076 quae
1121 2029 1355 2079 pristinam
1387 2030 1576 2069 formam
1609 2029 1662 2069 ad
1693 2030 1890 2069 nostram
1923 2036 2061 2076 usque
2092 2036 2158 2066 ae·

394 2103 531 2140 tatem
562 2104 923 2143 conservaverint
945 2101 992 2156 ³),
1037 2115 1088 2144 ea
1131 2106 1384 2145 coniectura
1425 2116 1501 2155 per
1540 2115 1588 2145 se
1629 2105 1719 2144 iam
1763 2103 1946 2152 corruit,
1984 2113 2039 2142 ex
2071 2112 2157 2151 qua

395 2212 471 2249 107.
506 2214 557 2248 16.
595 2215 626 2248 1.
657 2214 690 2256 2,
721 2215 775 2251 26.
808 2219 837 2257 1,
861 2216 916 2257 32,
951 2218 1006 2256 42.
1039 2219 1094 2254 44.
1124 2217 1158 2258 2,
1186 2218 1243 2258 56,
1273 2218 1328 2254 63.
1359 2219 1392 2259 6,
1423 2217 1477 2258 72,
1506 2217 1561 2253 74.
1591 2217 1623 2257 3,
1647 2217 1702 2252 90.
1728 2217 1758 2256 1,
1781 2216 1837 2256 92,
1859 2215 1915 2256 97,
1938 2215 1993 2255 98,
2017 2215 2098 2252 209.

394 2265 2155 2314 36.5,37.1,40.1,44,2,502,512,.,.,.562603712,.,.,962982301.5,22.3,

393 2318 447 2357 36,
480 2319 511 2353 2.
543 2320 575 2359 3,
599 2321 654 2355 56.
686 2321 719 2361 3,
742 2321 797 2356 57.
821 2323 852 2363 4,
876 2323 984 2364 60.2,
1008 2324 1121 2366 65.1
1144 2324 1199 2360 70.
1223 2325 1256 2366 2,
1281 2324 1336 2361 79.
1365 2325 1395 2366 1,
1419 2325 1474 2366 81,
1497 2324 1553 2359 84.
1579 2325 1609 2359 1.
1633 2323 1666 2364 2,
1689 2323 1773 2360 409.
1799 2323 1830 2363 1,
1854 2322 1908 2357 12.
1931 2322 1964 2362 3,
1988 2321 2043 2356 24.
2066 2321 2099 2356 2.
2121 2321 2155 2358 3,

394 2371 2157 2420 261301232402461235615812371456791.2.3,84,3,

393 2424 2156 2473 508.1,15.116.,2,.63181.,.,.,284185188.1,89.,..,16012338,45.5,53.

393 2477 425 2516 2,
456 2478 511 2513 66.
541 2479 572 2519 3,
606 2479 659 2520 77,
687 2481 741 2521 89,
767 2483 844 2523 709,
871 2484 1056 2525 13,14.,2
1086 2479 2155 2525 16.2,.,..,.,.214322402526172ψ5743,76.3,

393 2530 2154 2579 85348623789809234236126429085121261241,76.

393 2583 583 2625 821012,
610 2586 663 2621 14.
685 2587 717 2627 3,
742 2588 796 2629 51,
821 2589 875 2624 72.
902 2591 915 2625 1
946 2603 1041 2636 sqq„
1066 2591 1121 2631 79,
1144 2591 1176 2626 2.
1199 2592 1232 2627 6.
1256 2590 1287 2626 7.
1317 2591 1349 2626 8.
1375 2591 1429 2626 11.
1455 2590 1508 2630 13,
1531 2590 1586 2625 83.
1610 2589 1641 2630 1,
1663 2588 1719 2624 87.
1744 2588 1775 2623 1.

485 2638 509 2679 ¹)
545 2637 587 2673 O.
627 2639 922 2678 Feierabend
959 2643 1005 2678 de
1046 2644 1167 2679 Servii
1204 2644 1322 2679 doctr.
1345 2644 1442 2679 reth.
1467 2645 1505 2679 et
1530 2644 1575 2678 de
1599 2654 1692 2678 com.
1716 2641 1824 2683 Don.,
1846 2639 2042 2684 Marpurgi
2066 2639 2156 2675 1910

395 2701 429 2732 p.
456 2690 507 2724 14.
533 2690 586 2726 Cf.
612 2691 750 2728 Mnem.
773 2695 818 2730 39
842 2696 958 2740 (1911)
984 2709 1019 2742 p.
1046 2697 1121 2733 192.

484 2744 508 2785 ·)
535 2743 587 2779 Cf.
614 2745 897 2784 Wessnerus
922 2750 960 2785 in
979 2750 1214 2795 praefatione
1234 2764 1268 2796 p.
1287 2763 1383 2786 val.
1404 2749 1538 2785 Totam
1558 2749 1640 2785 eius
1662 2746 1959 2793 disputationem
1972 2745 2154 2790 descripsi

395 2797 432 2829 et
456 2797 666 2833 examinavi
690 2799 810 2835 olim
802 2814 838 2836 in
869 2802 1006 2838 Mnem.
1029 2803 1075 2838 32
1096 2816 1133 2849 p,
1155 2803 1224 2838 212
1247 2806 1283 2839 et
1308 2804 1346 2840 in
1371 2803 1466 2839 libro
1487 2801 1774 2848 supralaudato
1795 2813 1830 2847 p.
1849 2800 1871 2835 5
1891 2811 1973 2844 sqq·
1992 2797 2035 2833 ld
2055 2797 2156 2843 quod

396 2847 543 2883 Wessn.
577 2853 723 2887 tantum
758 2855 969 2891 coniecerat
1003 2856 1084 2899 (‘sic
1116 2857 1208 2892 mihi
1236 2869 1311 2892 rem
1337 2856 1571 2902 composui’),
1595 2854 1775 2893 asseclae.
1799 2855 1842 2889 ut
1864 2849 2051 2896 fi1‚quasi
2073 2863 2150 2886 rem

396 2901 495 2936 omni
527 2902 640 2938 dubio
672 2905 849 2941 maiorem
875 2911 1104 2953 proponunt,
1128 2909 1247 2945 veluti
1271 2909 1530 2946 Struckius
1553 2908 1602 2944 1..l
1626 2920 1662 2953 p.
1684 2907 1743 2942 57.
1769 2907 1864 2941 ‘cum
1893 2903 2034 2939 Donati
2058 2915 2153 2938 com-

397 2955 558 2988 mentum
596 2968 640 3002 p
630 2957 758 2992 ssime
793 2962 1039 3004 contractum,
1078 2962 1226 2998 duabus
1263 2962 1438 2998 manibus
1472 2963 1700 3007 excerptum,
1733 2961 1812 2995 tum
1848 2956 2151 3002 conglutinatum

396 3017 478 3039 esse
504 3009 675 3046 constet’.
699 3010 752 3045 Cf.
777 3011 888 3047 etiam
914 3013 1055 3049 Mnem.
1077 3014 1131 3050 39.
1156 3027 1192 3063 p.
1217 3015 1292 3051 169.

485 3058 510 3099 ³)
535 3058 654 3095 Lubet
678 3062 747 3097 hoc
769 3063 847 3098 loco
871 3065 1005 3100 referre
1029 3066 1284 3104 Ribbeckii
1310 3068 1423 3104 verba
1446 3067 1485 3103 in
1509 3080 1576 3113 pro
1569 3066 1652 3112 ›1.eg
1674 3065 1721 3101 ad
1747 3063 1908 3110 Vergilii
1930 3073 2062 3108 opera,
2087 3061 2153 3105 qui

395 3111 591 3153 postquam
616 3112 754 3150 Donati
778 3115 1062 3154 observationes
1085 3132 1107 3154 a
1131 3120 1262 3156 Servio
1285 3121 1426 3157 relatas
1447 3121 1542 3156 satis
1564 3119 1699 3156 acriter
1722 3116 1935 3162 castigavit,
1959 3114 2013 3150 sie
2024 3115 2151 3149 tumen
