2242 3443
113 567 188 604 845

111 765 186 803 846

113 1215 184 1252 847

111 1444 185 1481 848

112 1740 185 1778 849

111 2319 184 2356 850

112 2394 181 2431 851

109 2695 181 2732 853

118 2782 220 2789 .—

974 211 1028 248 99

433 332 455 368 3
494 341 519 367 a
555 332 574 350 ⁴
612 332 661 368 Et
698 333 950 369 commodum
982 333 1021 368 in
1050 332 1212 369 homine
1242 333 1323 376 est,
1355 333 1424 368 sed
1454 333 1494 368 et
1523 334 1776 377 opportunus
1806 336 1867 370 ad-

377 387 542 422 ventum
585 387 735 422 malum
772 387 916 422 habere
954 388 1102 430 potest.
1141 388 1161 421 4
1202 388 1505 429 [COMMODIORUM
1534 389 1590 429 H.]
1622 389 1824 431 σύλλημψις
1841 386 1868 430 1)

381 440 402 474 5
443 450 467 475 α
504 439 525 461 ³4
564 441 712 477 etenim
743 442 905 486 propter
942 450 1108 477 sensum
1148 441 1267 476 verba
1305 442 1419 484 sunt,
1450 450 1530 475 non
1560 443 1721 485 propter
1751 444 1870 478 verba

379 502 541 529 sensus.

313 567 336 602 2
370 565 648 604 Proverbiale
683 564 741 603 ‘in
774 565 897 604 vado’
931 565 975 603 in
1007 566 1116 604 tuto.

433 640 450 674 1
493 648 613 674 OMNIS
652 649 724 674 RES
764 649 834 675 EST
862 649 903 674 IN
931 649 1038 674 VADo
1070 638 1121 674 ‘in
1152 638 1264 674 vado’
1294 638 1334 672 in
1363 638 1599 674 securitate:
1632 650 1726 676 nam
1757 643 1799 677 ut
1828 643 1867 677 in

378 692 573 736 profundo
603 693 824 737 periculum
855 694 936 738 est,
964 693 1022 728 ita
1050 692 1091 727 in
1120 693 1221 728 vado
1251 692 1448 728 securitas
1477 694 1551 728 est.

315 763 339 800 2
374 774 511 801 SALVE
543 774 655 802 BONE
683 774 758 802 ΠΒ
784 764 922 802 ironia
949 763 1089 802 maior
1117 764 1185 801 est
1212 772 1345 810 quam
1362 763 1617 813 increpatio,
1638 775 1735 803 cum
1755 767 1870 805 enim

257 848 386 877 omne
419 849 557 887 genus
590 839 789 878 criminis
816 839 975 887 aliquis
1003 839 1238 888 spreverit,
1268 840 1371 877 tunc
1398 839 1565 878 exclusi
1585 838 1613 885 ²)
1632 840 1769 880 ironia
1786 841 1873 880 lau-

257 914 427 953 damus.
456 916 480 953 3
508 925 629 953 EHEM
659 925 758 953 ero
787 915 1034 954 interiectio
1062 914 1305 963 perturbati
1332 915 1412 953 est.
1432 916 1456 953 4
1476 925 1499 953 o
1518 926 1681 954 NOSTER
1698 927 1870 955 CHREME

257 992 406 1029 noster
448 991 628 1030 dicendo
671 991 858 1030 latenter
899 990 1121 1039 significat
1162 990 1414 1039 Glycerium
1456 990 1591 1030 filiam
1625 992 1870 1032 Chremetis

259 1076 355 1105 esse
388 1066 629 1107 inventam.

429 1141 446 1176 1
466 1138 489 1160 ³¹⁶
506 1150 600 1182 omn
616 1150 728 1176 AGAM
744 1140 834 1185 plus
850 1142 912 1177 est
929 1140 1054 1176 dicere
1071 1140 1175 1184 ‘quid
1194 1151 1311 1185 agam
1324 1142 1355 1177 Τ
1372 1151 1493 1185 quam
1509 1141 1684 1185 cogitare
1700 1142 1868 1187 defuga.

317 1214 336 1250 1
358 1222 497 1251 OMNIA
523 1222 761 1250 APPARATA
789 1223 823 1251 s.
853 1223 880 1252 1.
910 1213 1011 1260 quia
1027 1212 1191 1252 infecta
1206 1215 1310 1251 Sunt
1328 1213 1379 1252 de
1397 1214 1564 1262 paratis
1581 1209 1621 1256 3).
1642 1215 1665 1252 2
1684 1225 1867 1253 CURAsrr

256 1299 389 1327 PROBE
432 1289 710 1327 memoriter:
754 1299 885 1337 supra
927 1289 1043 1328 enim
1077 1299 1215 1328 senex
1246 1289 1416 1328 dixerat
1448 1289 1599 1328 ‘immo
1632 1290 1703 1328 abi
1733 1291 1866 1339 intro,

255 1364 313 1403 ibi
343 1375 415 1403 me
448 1364 645 1413 opperire
678 1366 721 1404 et
755 1365 867 1412 quod
900 1366 1053 1413 parato
1087 1375 1196 1414 opus
1230 1367 1297 1404 est
1328 1366 1446 1413 para'
1478 1365 1532 1411 (v.
1568 1366 1681 1409 523).

315 1442 335 1479 1
364 1451 438 1478 UBI
459 1451 592 1479 voLEs
608 1450 796 1479 AccERSE
817 1439 915 1478 ‘ubi'
934 1451 1010 1489 pro
1029 1441 1213 1488 quando.
1234 1439 1289 1485 (a)
1308 1442 1331 1479 2
1351 1452 1461 1479 BENE
1480 1452 1591 1479 SANE
1609 1441 1866 1491 <‘sane'>

259 1515 418 1565 valide,
453 1517 554 1564 quia
584 1517 657 1564 qui
689 1527 823 1555 sanus
847 1516 963 1555 idem
992 1519 1033 1556 et
1062 1517 1246 1556 validus,
1277 1518 1302 1556 3
1329 1528 1373 1555 lD
1400 1528 1508 1556 ENIM
1535 1528 1643 1557 vERo
1661 1529 1734 1556 Hic
1752 1528 1867 1557 NUNC

257 1602 392 1631 ABEST
427 1591 577 1631 ‘abest’
611 1602 687 1641 pro
720 1592 857 1632 deest.

430 1667 449 1702 1
482 1677 506 1701 a
534 1676 613 1702 non
643 1667 706 1702 est
733 1666 840 1702 enim
867 1666 942 1702 loci
972 1668 1042 1703 sed
1071 1667 1265 1712 temporis
1293 1668 1524 1703 adverbium

312 1739 336 1776 2
381 1748 517 1776 ETIAM
549 1749 604 1776 TU
636 1748 719 1776 Hoc
752 1748 997 1777 RESPONDES
1030 1737 1195 1777 ‘etiam’
1229 1740 1305 1778 aut
1336 1739 1525 1778 hortatio
1559 1741 1626 1777 est
1660 1741 1736 1778 aut
1769 1750 1862 1778 con-

254 1814 430 1853 iunctio.
471 1816 495 1852 4
540 1799 703 1852 MIHINE
730 1814 899 1861 quando
932 1824 1018 1853 non
1051 1824 1207 1853 sumus
1237 1815 1377 1863 parati
1410 1815 1461 1853 ad
1494 1816 1861 1865 respondendum,

251 1890 444 1928 ducendo
479 1891 655 1938 tempus
687 1890 928 1949 eludimus:
965 1892 989 1929 5
1023 1892 1201 1939 apparet
1233 1891 1297 1929 ita
1327 1891 1498 1929 turbari
1529 1890 1702 1929 Davum
1734 1892 1862 1930 modo

253 1965 433 2005 consilio
465 1967 639 2014 poetae,
673 1970 723 2004 ut
753 1976 908 2004 omnes
940 1966 1120 2005 amittat
1151 1966 1349 2005 fallacias
1382 1968 1426 2005 et
1452 1976 1685 2014 oppressus
1710 1968 1865 2015 prodat

252 2041 550 2090 Pamphilum,
583 2041 685 2079 dum
713 2041 881 2080 malum
912 2042 1162 2081 comminus
1189 2042 1502 2091 perhorrescit;
1530 2044 1760 2090 totumque
1782 2043 1862 2082 hoc

253 2128 306 2156 ex
339 2119 597 2165 argumento
628 2118 715 2155 est:
750 2117 844 2155 vult
876 2118 992 2157 enim
1026 2119 1154 2167 poeta
1180 2118 1269 2156 iam
1298 2118 1625 2167 catastropham
1652 2118 1860 2167 patefieri.

428 2192 446 2226 1
486 2201 610 2226 ETIAM
639 2200 691 2226 TU
718 2201 759 2226 H.
790 2201 829 2229 R.
859 2192 973 2227 deest
1002 2191 1068 2228 ‘an
1097 2192 1206 2228 non'.
1237 2192 1259 2227 3
1290 2192 1312 2212 ἦ
1342 2193 1391 2227 Et
1418 2192 1507 2228 vide
1536 2193 1687 2236 quanta
1715 2193 1859 2228 dixerit

370 2246 410 2281 et
438 2244 558 2289 ‘quid’
588 2246 627 2280 et
656 2244 771 2281 ‘istic'
801 2247 842 2281 et
872 2246 979 2281 ‘tibi'.

307 2323 421 2355 MODO
437 2326 602 2354 INTRon
619 2316 701 2355 hoc
717 2316 893 2364 signum
906 2317 1148 2365 perturbati
1164 2317 1331 2355 inducit
1343 2316 1394 2355 ob
1408 2316 1723 2355 conscientiam
1735 2317 1856 2356 Davi.

313 2393 333 2430 1
368 2403 456 2431 CUM
487 2402 568 2430 eruo
601 2401 744 2430 GNATO
776 2403 869 2431 UNA
894 2393 1013 2431 servi
1040 2393 1266 2432 excusatio
1294 2391 1372 2431 filii
1400 2392 1622 2431 accusatio
1650 2379 1735 2442 est,
1764 2393 1787 2430 2
1816 2394 1857 2431 et

252 2468 331 2507 hoc
371 2468 495 2516 quasi
536 2478 561 2506 a
600 2468 852 2516 perturbato
894 2469 1052 2507 dicitur
1094 2479 1236 2521 servo,
1279 2469 1354 2507 sed
1398 2467 1577 2507 consilio
1618 2470 1771 2516 poetae
1804 2469 1854 2506 ad

252 2544 420 2583 exitum
461 2543 712 2582 festinantis
753 2545 795 2582 et
835 2544 1151 2583 resolutionem
1190 2543 1377 2583 fabulae.
1412 2544 1436 2582 3
1470 2553 1589 2582 ANNE
1621 2554 1695 2582 EST
1726 2553 1854 2581 INTUS

251 2629 502 2658 PAMPHILUS
533 2629 666 2658 causa
695 2619 785 2658 irae
818 2620 1119 2659 vehementior
1150 2620 1343 2659 inventa.

309 2698 329 2733 1
364 2705 474 2734 sUNT
506 2695 627 2734 nulla
652 2694 820 2734 ratione
847 2695 950 2733 dicit
977 2694 1122 2746 ‘sunt',
1152 2696 1229 2735 sed
1255 2706 1308 2734 ne
1325 2695 1433 2734 nihil
1451 2695 1729 2743 respondeat,
1749 2703 1850 2732 nam

159 2827 181 2871 ¹)
210 2828 358 2865 Lemma
389 2830 500 2867 debet
531 2843 615 2866 esse
645 2830 780 2866 ‘scelus
811 2831 945 2875 quem’,
970 2831 1038 2867 sed
1065 2832 1123 2867 vel
1148 2832 1202 2867 sic
1227 2832 1412 2867 scholium
1436 2843 1511 2866 non
1536 2832 1594 2866 est
1615 2830 1763 2870 Donati,
1787 2829 1850 2873 qui

112 2878 211 2916 dedit
233 2883 272 2924 5;
295 2884 337 2918 cf.
361 2884 438 2919 607.
463 2884 494 2919 4.

152 2933 177 2977 ²)
200 2934 371 2971 ‘Exclusi'
390 2937 466 2972 scil.
490 2949 512 2972 a
537 2937 778 2973 criminando.

113 3035 198 3094 dicit
223 3043 352 3087 parata
370 3042 470 3076 sunt’
488 3054 565 3076 non
584 3041 718 3086 placet.
748 3042 863 3077 Estne
885 3043 1020 3077 lacuna
1039 3042 1092 3077 sic
1113 3042 1343 3089 supplenda:
1365 3042 1422 3076 ‘de
1442 3041 1582 3086 paratis
1602 3039 1767 3083 loquitur
1786 3051 1850 3083 per

111 3091 304 3128 uoniam'?
326 3093 448 3129 Aliter
470 3094 653 3129 Hartman
677 3107 711 3139 p.
738 3095 811 3129 151.

27 2761 29 2791 Ι

27 2799 29 2821 ι

27 2844 29 2863 l

28 2918 31 2944 Ι

29 2968 33 3041 Ι
123 2982 125 2984 ’
152 2985 386 3030 ³)1Scholium
412 2991 635 3036 corruptum.
660 2989 847 3025 Correctio
872 2985 1070 3034 Schoellii,
1095 2990 1372 3034 quam'recepit
1394 2989 1622 3024 Wessnerus
1641 2991 1687 3030 ‘q.
1707 2986 1730 3023 i.
1751 2988 1851 3027 sunt,

29 3046 33 3086 ἱ

29 3089 33 3112 l
