2242 3443
164 1113 238 1150 754

165 1266 239 1303 755

166 1647 240 1683 756

167 1723 241 1759 758

169 1946 244 1982 760

169 2022 240 2058 761

174 2874 248 2910 763

1014 196 1066 233 91

306 321 358 360 ab
402 332 450 360 eo
492 321 608 370 fune,
644 332 728 369 quo
762 321 1037 360 introductus
1071 330 1207 368 equus
1240 320 1391 358 durius
1424 320 1464 357 in
1500 319 1672 357 Troiam
1707 321 1784 367 est,
1820 330 1916 358 cum

305 398 482 437 conexis
524 398 729 437 manibus
770 397 873 436 fune
915 397 1098 436 chorum
1131 397 1298 435 ducunt
1329 395 1558 434 saltantes.
1595 396 1618 433 2
1652 396 1743 434 Hoc
1777 406 1800 434 a
1832 396 1917 443 qui·

305 473 490 512 busdam
533 474 706 523 dicitur,
741 475 786 512 at
818 483 896 522 ego
932 475 1036 522 puto
1069 482 1203 511 manu
1237 473 1466 511 consertos
1499 481 1732 520 puerorum
1767 471 1922 510 choros

306 550 638 599 puellarumque
671 551 898 589 cantantes
931 551 1093 588 restem
1129 549 1284 587 ducere
1317 547 1564 586 existimari
1592 548 1634 585 et
1659 547 1699 585 id
1728 547 1922 585 maxime

308 627 537 666 convenire
582 627 634 665 ad
676 626 988 674 exagitandam
1029 624 1413 673 importunitatem
1449 623 1566 662 senis
1599 622 1735 661 veluti
1768 632 1923 671 pueros

305 703 536 741 imitantis.
581 710 633 749 (α)
668 704 691 741 3
726 702 832 740 Vide
865 702 947 740 hoc
979 700 1353 749 quemadmodum
1387 700 1552 738 dictum
1586 701 1655 738 est
1686 701 1728 738 et
1760 700 1921 746 quanto

307 778 562 818 stomacho!
608 779 696 817 iam
739 778 790 816 ab
833 778 1053 817 Aeschino
1096 786 1320 816 recessum
1363 777 1444 824 est,
1480 776 1568 814 iam
1602 775 1837 813 transitum
1872 774 1923 813 ad

310 855 507 893 Micionis
538 854 760 893 luxuriam
795 854 1142 892 describendam.

481 929 504 965 2
533 939 558 964 α
585 929 729 964 *simul
759 929 879 964 etiam
908 929 1000 971 quia
1024 928 1102 964 iste
1126 937 1306 964 conexus
1331 936 1527 963 manuum
1548 925 1722 961 lascivus
1748 935 1792 960 ac
1818 926 1925 969 petu—

425 983 513 1018 lans
539 983 677 1018 adimit
703 983 985 1019 discretionem
1006 981 1262 1027 condicionis,
1279 978 1503 1026 dignitatis,
1523 980 1667 1016 aetatis
1684 980 1790 1015 inter
1805 989 1928 1015 mere-

428 1038 580 1083 tricem,
611 1047 759 1073 novam
789 1038 961 1081 nuptam
992 1038 1031 1072 et
1062 1046 1217 1072 senem.

367 1119 447 1147 IAM
477 1119 585 1147 vERo
613 1119 771 1147 OMITTE
798 1119 946 1147 DEMEA
974 1110 1086 1147 mire
1109 1108 1408 1147 urbanitatem
1429 1106 1648 1155 expressit
1665 1106 1871 1153 <non>
1894 1100 1924 1157 l)

309 1185 423 1224 ultro
457 1185 728 1233 obiurgantis
760 1185 832 1232 qui
866 1184 1122 1233 obiurgatus
1156 1185 1234 1223 est.

372 1262 389 1299 1
427 1271 548 1299 TUAM
582 1271 715 1301 rs'rAM
748 1270 1028 1300 IRACUNDIAM
1066 1260 1204 1299 ‘tuam
1238 1260 1385 1298 istam’
1420 1259 1600 1298 dicendo
1627 1257 1857 1297 ridiculam
1885 1259 1928 1296 et

309 1347 630 1386 supervacuam
673 1336 912 1386 significat;
957 1339 981 1376 2
1025 1339 1068 1376 et
1111 1337 1219 1376 bene
1263 1335 1577 1383 ‘iracundiam‘,
1626 1344 1729 1373 nam
1762 1334 1845 1372 ira
1877 1333 1928 1371 de

311 1423 443 1452 causa
485 1416 564 1462 est,
608 1414 903 1452 iracundia
944 1414 996 1452 de
1039 1413 1148 1452 vitio
1191 1412 1384 1451 multum
1426 1411 1672 1450 irascentis.
1717 1412 1741 1449 3
1785 1419 1927 1454 ATQUE

312 1500 386 1528 UTI
434 1500 567 1528 DEGET
615 1500 816 1528 HILAREM
857 1500 907 1528 ΕΤ
950 1500 1174 1528 ΜΒΕΝΤΕΜ
1216 1489 1326 1527 bene
1367 1488 1534 1526 addidit
1578 1487 1637 1525 ‘et
1677 1481 1927 1525 libentem':

312 1566 440 1604 multi
474 1566 594 1604 enim
628 1565 789 1604 hilares
821 1566 1088 1604 simulantes
1120 1575 1166 1604 se
1198 1575 1282 1604 non
1316 1564 1506 1603 libentes
1538 1565 1653 1601 sunt.

369 1639 396 1681 2
428 1652 510 1680 FAc
542 1652 594 1680 TE
624 1651 711 1680 non
746 1641 856 1680 dixit
892 1641 1027 1690 ‘esto’,
1063 1642 1162 1680 sed:
1197 1641 1374 1680 elabora
1406 1642 1454 1678 ut
1487 1649 1583 1678 esse
1616 1638 1773 1687 possis.

369 1728 565 1756 HANCINE
615 1728 750 1756 VITAM
798 1728 984 1757 HosmNE
1028 1727 1167 1756 MOREs
1210 1727 1331 1755 HANG
1373 1726 1635 1755 DEMENTIAM
1684 1712 1930 1758 ἐλλειπτικῶς

312 1794 460 1833 omnia
492 1796 642 1842 utpote
675 1795 983 1842 stomachatus
1016 1804 1164 1833 secum
1200 1794 1396 1841 loquens.
1430 1792 1485 1837 (α)

483 1879 507 1903 α
536 1870 649 1904 deest
678 1869 785 1904 enim
816 1869 932 1905 ‘esse'
964 1871 1034 1905 aut
1066 1868 1158 1912 quid
1186 1868 1279 1904 tale.

372 1951 516 1980 Domus
548 1950 808 1993 SUMPTUOSA
842 1941 1026 1979 ‘domus'
1061 1941 1102 1979 id
1137 1941 1205 1979 est
1237 1940 1452 1978 homines,

375 2018 395 2055 1
430 2027 529 2056 IPSA
561 2027 600 2056 sr
633 2027 790 2055 CUPIAT
825 2027 962 2055 SALUS
995 2026 1192 2055 SERVARE
1226 2025 1417 2054 PRORsus
1449 2024 1536 2053 NON
1569 2023 1725 2052 ΡοΤΕεΤ
1754 2024 1930 2061 σωματο-

314 2092 436 2131 ποιία.
470 2093 652 2132 Plautus
683 2093 821 2138 (Asin.
858 2094 897 2132 2.
918 2093 987 2138 68)
1023 2092 1315 2131 ‘libentiorem
1349 2094 1392 2130 te
1425 2091 1583 2130 faciam
1618 2099 1748 2138 quam
1782 2087 1930 2127 Liben-

314 2169 377 2208 tia
409 2171 505 2208 est’.
538 2174 591 2216 (α)
625 2170 649 2207 2
684 2169 797 2208 Hinc
824 2169 926 2208 licet
953 2169 1203 2217 aestimare,
1233 2168 1449 2215 quantum
1476 2168 1520 2205 et
1547 2165 1704 2205 coloris
1732 2166 1776 2203 et
1792 2163 1931 2212 gravi-

314 2244 421 2283 tatis
468 2245 583 2294 apud
624 2245 876 2283 Terentium
919 2245 978 2284 sit
1019 2245 1072 2284 ad
1114 2244 1412 2283 imitationem
1457 2241 1652 2288 Caecilii3
1697 2250 1799 2278 nam
1835 2238 1931 2277 vide

294 2322 527 2369 ,quantum
561 2321 750 2359 creverit
781 2330 806 2359 a
837 2320 1147 2369 superioribus,
1184 2322 1229 2358 ut
1261 2319 1325 2358 sic
1356 2317 1519 2357 finiret!

491 2395 509 2430 1
549 2404 574 2429 α
606 2394 757 2430 etenim
795 2396 978 2438 ὑπερβολή
1018 2395 1081 2430 est
1115 2394 1216 2439 ‘ipsa
1253 2393 1385 2438 Salus,
1416 2392 1449 2427 si
1478 2391 1626 2436 cupiat,
1655 2398 1821 2435 prorsus
1851 2396 1929 2423 non

435 2449 573 2493 potest
602 2458 767 2484 servare
794 2448 899 2485 hanc
928 2448 1146 2484 familiam’.

1001 2593 1101 2683 V

1038 2751 1073 2789 1.

367 2872 386 2908 1
422 2879 585 2908 EDEPOL
628 2879 804 2908 sYfflsCE
837 2869 907 2907 hic
940 2868 1197 2917 exemplum
1231 2869 1449 2908 inducitur
1475 2867 1678 2907 licentiae
1704 2875 1932 2904 servorum

320 2945 399 2984 sub
443 2945 537 2983 miti
581 2945 772 2985 domino.
818 2944 842 2982 2
877 2954 1039 2983 EDEPOL
1072 2954 1248 2983 SYRISCE
1281 2955 1332 2982 TE
1367 2954 1550 2983 CURASTI
1583 2951 1798 2981 MOLLITER
1831 2941 1933 2988 quia

222 3089 245 3131 ¹)
271 3089 324 3124 Cf.
352 3088 502 3124 Wessn.
532 3101 618 3133 app.
