2242 3443
332 228 502 257 Annam
1156 217 1240 255 258

329 344 404 379 637
490 342 512 377 3
543 341 589 377 cf.
621 342 708 378 638.
739 342 773 376 3.
864 342 922 376 la
953 341 1108 376 notavit
1140 341 1301 376 Wessn.
1385 341 1408 375 4
1438 339 1552 376 aliter
1582 340 1680 376 Don.
1712 340 1750 376 in
1783 341 1818 377 3.

328 406 407 442 639
491 404 513 439 5
542 404 619 440 Μιι.
651 404 711 440 32.
743 404 831 449 217,
863 404 927 439 ubi
957 413 1170 448 perperam
1200 403 1275 439 hoc
1304 403 1460 439 Donato
1491 402 1630 446 eripui.

329 466 404 503 641
490 465 588 502 Vide
618 475 719 510 quae
749 465 953 509 disputavi
985 467 1032 501 de
1061 465 1124 500 his
1155 464 1318 501 scholiis
1348 465 1424 500 Mn.
1458 463 1520 500 32.
1551 463 1640 500 243.

330 529 407 565 642
493 529 510 563 1
543 527 588 563 cf.
621 528 708 563 606.
742 529 774 563 1.
859 528 882 563 2
911 527 1031 571 Eugr.
1063 537 1099 572 p.
1132 528 1194 563 58.
1225 527 1302 563 Cur
1331 526 1531 563 scholium
1560 525 1810 562 rhetoricum
1837 525 1994 562 Donato
2019 534 2107 562 con-

437 589 631 626 cesserim
670 590 759 624 vide
790 590 865 624 Mn.
897 589 959 625 33.
991 589 1066 624 255
1096 598 1155 633 sq.
1185 589 1338 624 Ibidem
1369 598 1406 633 p.
1437 588 1512 624 256
1542 588 1699 624 Donato
1729 588 1919 623 dederam
1947 596 2106 632 quoque

437 652 562 688 schol.
593 652 696 688 rhet.
728 651 815 687 643.
847 651 882 693 2,
914 651 983 686 sed
1013 651 1050 686 id
1080 660 1188 687 nunc
1218 651 1264 686 ab
1294 660 1339 686 eo
1366 650 1542 694 detraxi,
1570 659 1649 686 non
1675 649 1808 686 solum
1830 649 1923 694 quia
1945 649 2105 686 initium

439 723 605 759 prorsus
643 713 821 749 scholam
863 713 988 757 sapit,
1030 714 1098 749 sed
1137 713 1229 757 quia
1265 713 1304 748 in
1346 712 1458 749 6431
1495 713 1542 748 de
1580 713 1720 748 eadem
1758 721 1800 748 re
1839 711 1953 749 aliter
1985 711 2103 757 scrip·

438 776 503 812 sit.
552 775 768 811 Rhetorica
809 776 907 810 sunt
950 776 1159 820 praeterea
1201 775 1239 810 in
1283 775 1356 810 hac
1398 784 1545 811 scaena
1589 773 1676 811 639.
1724 774 1758 819 1,
1804 773 1893 811 653.
1938 774 1973 821 1,
2017 773 2105 819 654,

443 838 533 874 658.
551 837 638 874 668.
659 838 692 874 1.

331 901 405 937 647
495 901 513 935 1
545 900 692 944 Speng.
725 900 772 935 ad
803 899 842 935 h.
873 899 896 934 l.
983 898 1058 935 651
1091 899 1114 935 2
1143 898 1265 943 Eugr.
1294 909 1331 944 p.
1363 899 1412 935 58
1443 909 1502 943 sq.

330 962 407 999 652
490 961 692 998 Scholium
730 962 979 1005 corruptum.
1009 960 1250 1005 Schopen
1282 971 1354 1006 pro
1384 961 1520 997 ‘nosti'
1552 960 1719 997 coniecit
1750 959 1922 1005 ‘nescis',
1953 958 2106 1005 palaeo-

437 1023 624 1068 graphice
653 1032 795 1068 parum
825 1022 1112 1066 verisimiliter,
1143 1033 1216 1059 nec
1245 1023 1347 1059 ratio
1377 1025 1467 1059 tum
1497 1022 1738 1068 perspicitur
1761 1021 1981 1067 particulae
1997 1021 2104 1058 ‘sed’.

438 1085 541 1121 Puto
579 1084 783 1121 Donatum
822 1084 1035 1129 scripsisse
1077 1084 1212 1121 ‘nosse
1251 1086 1359 1121 enim
1389 1084 1493 1133 <te
1523 1083 1727 1132 putas>‚
1757 1085 1855 1121 sed'.
1887 1084 2104 1121 Charinum
2216 1123 2225 1130 ,

439 1148 498 1184 sic
534 1148 678 1192 putare
715 1147 828 1183 docet
865 1157 901 1184 v.
939 1146 1013 1182 653
1053 1146 1160 1183 ‘scio’
1200 1148 1308 1193 cett„
1339 1148 1454 1184 cuius
1484 1157 1661 1184 errorem
1691 1146 1927 1192 Pamphilus
1956 1145 2108 1183 refutat
2175 1139 2180 1144 ’
2212 1139 2224 1194 ¹J

441 1210 516 1247 655
546 1210 684 1246 ‘immo
710 1210 853 1253 etiam,
883 1219 962 1253 quo
993 1209 1127 1245 minus
1158 1211 1203 1245 tu
1233 1210 1340 1247 scis'.

333 1273 411 1310 655
493 1272 516 1307 4
555 1271 578 1308 5
617 1272 639 1307 6
678 1272 717 1307 in
755 1273 987 1308 commento
1023 1272 1162 1308 iuncta
1198 1271 1325 1308 fuisse
1362 1273 1572 1319 videntur;
1613 1272 1766 1319 profert
1805 1272 1904 1308 Don.
1934 1271 2105 1308 aliorum

441 1333 670 1378 opinionem
699 1334 740 1369 et
769 1343 899 1369 suam.
929 1333 1029 1369 Vide
1057 1334 1147 1369 adn.
1178 1334 1459 1379 interpretum.

333 1396 411 1433 656
494 1395 517 1431 2
550 1394 640 1431 vide
668 1405 794 1440 supra
823 1396 873 1431 ad
904 1395 991 1431 600.
1022 1395 1098 1432 Mn.
1131 1395 1192 1432 32.
1225 1396 1315 1432 225.

334 1458 412 1495 663
493 1457 516 1492 4
550 1456 652 1493 falso
689 1457 752 1493 hic
780 1457 992 1493 adhibetur
1021 1457 1202 1494 doctrina
1231 1467 1353 1502 quam
1382 1459 1489 1494 recte
1517 1457 1682 1494 exhibet
1711 1457 1876 1495 Servius
1905 1458 1955 1494 ad
1984 1457 2104 1502 Verg.

440 1518 464 1555 l.
494 1519 534 1564 l.,
563 1519 631 1554 ubi
658 1519 849 1555 laudatur
878 1519 980 1555 Eun.
1015 1520 1102 1556 629.

335 1582 409 1619 667
496 1581 514 1616 1
548 1580 658 1616 ‘Eho’
687 1581 776 1616 vide
805 1581 853 1617 ad
885 1580 971 1617 184.
1002 1581 1091 1618 500.
1124 1581 1211 1618 748.
1242 1581 1331 1618 951.
1416 1582 1440 1618 2
1471 1581 1658 1626 ‘semper’
1686 1591 1766 1618 non
1796 1581 1933 1617 minus
1956 1580 2104 1620 falsum

442 1652 562 1687 quam
592 1643 631 1677 in
664 1642 751 1679 185.
780 1643 816 1679 5.

335 1706 413 1742 669
494 1704 518 1740 2
545 1703 591 1740 cf.
621 1704 710 1740 479.
743 1704 777 1741 1.
859 1705 938 1742 679
968 1704 992 1741 2
1023 1705 1200 1742 otiosum
1229 1705 1345 1742 iuxta
1373 1706 1417 1742 D.
1453 1706 1486 1741 1.
1572 1705 1595 1742 3
1625 1705 1673 1742 cf.
1705 1706 1806 1743 Eun.
1840 1705 1928 1742 138.
1959 1705 1996 1742 2.

335 1767 412 1804 682
493 1766 622 1802 ‘Hem’
652 1766 742 1802 vide
771 1776 896 1812 supra
924 1768 973 1803 ad
1006 1768 1092 1804 184.
1175 1768 1253 1805 683
1283 1768 1306 1804 3
1335 1768 1455 1813 Eugr.
1487 1777 1523 1813 p.
1557 1768 1618 1804 61.

335 1827 414 1866 684
498 1828 516 1863 1
535 1838 560 1863 a
587 1827 632 1864 cf.
662 1828 762 1864 Don.
795 1829 818 1865 2
846 1828 974 1865 initio.
1005 1829 1134 1866 Aliter
1162 1830 1281 1875 Eugr.
1312 1840 1349 1875 p.
1380 1830 1441 1866 61.
1525 1830 1549 1866 4
1578 1831 1657 1866 Mn.
1688 1829 1749 1867 32.
1781 1829 1870 1867 223.

335 1890 413 1927 685
498 1890 516 1925 1
536 1899 560 1924 α
588 1891 746 1926 notavit
775 1890 938 1927 Wessn.
1824 1939 1827 1941 -

334 1953 412 1989 688
493 1952 517 1988 2
544 1951 824 1997 interpretatio
853 1954 1045 1998 suspecta
1073 1955 1114 1990 et
1142 1954 1210 1989 vix
1239 1954 1440 1999 Donatea;
1471 1954 1561 1990 vide
1589 1955 1738 1999 Speng.
1767 1954 1856 1991 adn.

335 2015 413 2051 690
496 2014 515 2049 1
547 2013 636 2049 vide
665 2023 790 2058 supra
818 2015 866 2050 ad
897 2015 984 2051 600.
1070 2015 1094 2051 2
1122 2016 1324 2060 repetitur
1354 2016 1442 2052 656.
1474 2016 1509 2052 2.

336 2077 414 2114 694
500 2076 518 2111 1
548 2075 595 2111 cf.
626 2076 714 2112 663.
745 2076 781 2121 3,
812 2077 854 2111 et
882 2076 971 2112 vide
1002 2087 1126 2122 supra
1154 2078 1201 2113 ad
1233 2078 1322 2114 539.
1409 2079 1427 2114 1
1446 2088 1471 2114 α
1499 2078 1657 2114 notavit
1686 2077 1851 2114 Wessn.

335 2138 414 2175 695
496 2137 518 2173 3
547 2137 662 2174 iuxta
689 2137 734 2173 D.
766 2138 783 2173 1
815 2140 856 2174 et
884 2138 965 2174 fere
993 2140 1211 2176 confictum
1249 2150 1269 2176 e
1299 2141 1396 2177 Don.
1427 2141 1474 2176 ad
1503 2140 1710 2185 Adelphos
1741 2140 1830 2177 790.
1863 2140 1882 2176 1
1913 2140 1954 2176 et
1982 2139 2027 2184 4;
2058 2139 2105 2176 de

442 2199 516 2235 hoc
544 2198 808 2243 grandiloquo
838 2200 1084 2237 scholiorum
1113 2211 1260 2246 genere
1290 2202 1380 2239 vide
1409 2203 1457 2239 ad
1491 2213 1528 2238 v.
1561 2203 1653 2239 600.
2194 2200 2199 2249 ξ

335 2263 413 2299 696
492 2261 516 2296 4
545 2261 682 2296 dubito
711 2262 758 2298 de
787 2263 1030 2299 auctoritate
1059 2263 1181 2300 huius
1210 2264 1370 2312 scholii,
1398 2274 1468 2309 per
1499 2275 1544 2301 se
1574 2274 1655 2301 non
1686 2264 1800 2311 mali,
1830 2265 1924 2309 quia
1946 2263 2105 2300 initium
2194 2256 2196 2309 l

442 2323 581 2359 scholii
609 2322 653 2359 3:
685 2323 772 2359 ‘hoc
800 2325 864 2359 est
894 2324 1058 2370 abeant,
1084 2326 1301 2371 recedant'‚
1327 2328 1366 2362 in
1392 2328 1622 2363 commento
1646 2328 1832 2363 iunctum
1855 2326 1983 2362 fuisse
2007 2325 2104 2370 puto

439 2395 530 2421 cum
566 2385 607 2421 5:
650 2385 702 2421 ‘et
741 2386 918 2421 attende'
959 2396 1065 2431 sqq.;
1106 2387 1204 2424 haec
1233 2389 1350 2425 ambo
1381 2391 1519 2425 autem
1547 2390 1699 2425 certam
1726 2388 2102 2433 interpretationem

438 2447 648 2492 exhibent,
676 2456 778 2491 quae
806 2457 887 2483 non
917 2447 1089 2492 amplius
1119 2449 1299 2486 admittit
1328 2451 1620 2487 dubitationem
1649 2450 1790 2486 scholii
1817 2450 1855 2486 4.

493 2509 516 2545 3
534 2519 558 2543 a
586 2509 665 2544 Mn.
691 2508 752 2545 32.
779 2508 875 2554 239;
905 2509 1024 2553 ‘quia’
1049 2520 1215 2547 causam
1241 2512 1387 2557 allegat
1413 2512 1688 2549 falsissimam.
1772 2512 1795 2549 6
1818 2511 1936 2548 iuxta
1951 2511 2050 2548 Don.
2066 2510 2101 2547 3.

334 2572 409 2608 697
493 2570 518 2606 2
546 2569 760 2615 emblema,
790 2570 830 2605 in
858 2571 1011 2607 scholio
1041 2573 1198 2617 spurio,
1227 2574 1387 2610 notavit
1415 2574 1581 2611 Wessn.
1611 2574 1710 2611 Vide
1739 2575 1787 2610 ad
1817 2573 1906 2611 495.

334 2634 412 2670 699
497 2633 515 2668 1
547 2632 658 2668 Serv.
686 2633 732 2668 ad
763 2633 862 2668 Aen.
895 2633 928 2668 1.
957 2633 1045 2679 646,
1079 2633 1138 2670 12.
1169 2634 1258 2671 408.

335 2695 411 2732 703
493 2694 517 2730 2
545 2695 685 2730 contra
712 2694 756 2729 D.
790 2694 823 2738 1,
852 2696 892 2730 et
921 2695 1010 2730 vide
1038 2695 1422 2740 interpretationem
1451 2697 1668 2742 Spengelii.

495 2755 518 2792 3
549 2756 754 2792 ‘subiecta'
783 2756 1029 2792 contrarium
1060 2759 1293 2794 ostendunt.

337 2818 414 2856 704
495 2818 513 2852 1
545 2817 749 2862 paulisper
790 2818 1027 2862 reputantes
1069 2819 1253 2856 videmus
1296 2830 1417 2864 quam
1454 2821 1640 2866 ineptum
1679 2822 1734 2857 sit
1769 2820 1885 2858 illud:
1915 2820 2101 2857 ‘deterret

442 2878 677 2924 Charinum,
712 2880 757 2914 ut
786 2878 872 2923 ipse
902 2879 1126 2922 (Charinus)
1157 2881 1320 2919 adiuvet
1348 2882 1630 2927 Pamphilum’.
1660 2882 1864 2919 Scholium
1893 2882 1996 2920 male
2023 2881 2101 2918 huc

442 2940 600 2976 illatum
629 2942 694 2976 est
721 2950 771 2976 ex
800 2940 898 2976 Don.
929 2941 1020 2977 adn.
1051 2941 1139 2978 372.
1171 2942 1206 2979 3.

497 3002 520 3038 3
549 3001 715 3038 Fluctus
743 3002 782 3037 in
813 3002 987 3047 simpulo
1017 3005 1158 3040 contra
1185 3005 1286 3041 Don.
1317 3006 1340 3042 2
1350 3017 1360 3051 3
1391 3007 1526 3043 omnia
1553 3007 1674 3053 longe
1702 3007 1915 3053 arcessita,
1943 3006 1984 3043 et
2011 3013 2099 3050 pos·
2180 3022 2182 3028 >
2226 3010 2242 3037 ὃ

443 3065 573 3101 trema
599 3064 691 3106 (‘vel
718 3064 838 3108 quia’)
867 3065 1054 3102 absurda.
1083 3066 1161 3102 Mn.
1192 3066 1254 3102 32.
1285 3067 1374 3104 240.
2226 3062 2232 3071 ’

337 3126 412 3163 705
495 3126 518 3162 2
547 3126 635 3162 vide
663 3135 788 3170 supra
815 3126 865 3162 ad
896 3126 984 3162 277.
1071 3127 1146 3164 706
1174 3127 1239 3164 2α
1267 3130 1428 3165 notavit
1458 3130 1621 3170 Wessn.
