2242 3443
321 396 395 432 756

321 625 396 661 758

321 979 395 1015 759

323 1257 393 1292 761

324 1764 398 1800 762

327 2020 400 2056 763

327 2316 402 2353 764

329 2546 405 2583 765

1155 144 1241 182 200

584 267 745 311 ‘copias’
785 267 931 304 dicere:
972 268 1158 313 militem,
1193 269 1430 313 parasitum,
1461 269 1680 314 Donacem‚
1710 269 1936 315 syriscum,
1965 269 2085 305 Sima-

584 320 750 365 nonem,
781 322 971 366 Sangam.

532 394 547 429 1
587 402 680 431 NUM
713 403 1043 432 FORMIDULOSUS
1076 404 1262 433 ossncao
1296 405 1344 433 ms
1378 406 1422 433 Μ.
1458 405 1500 433 H.
1537 394 1879 434 ‘formidulosus’
1913 395 1954 433 et
1986 395 2085 433 ter-

469 468 664 508 ribilis
704 471 746 508 et
786 470 1024 508 timidus
1056 470 1342 519 intellegitur.
1377 472 1401 508 2
1435 480 1582 510 APAGE
1614 480 1677 508 S1s
1711 470 1894 509 Plautus
1925 470 1969 508 in
1996 469 2086 509 Tri-

469 555 653 584 nummo
688 544 838 594 ‘apage
872 548 1023 585 amor'.
1058 553 1113 591 (v,
1149 547 1264 589 257).

468 707 645 742 QUALEM
682 709 740 737 ΜΕ
774 709 818 737 Η.
853 710 888 738 Ε.
926 699 1101 738 videtur
1135 699 1280 738 ebrius
1312 700 1457 739 factus
1488 700 1559 739 hic
1592 699 1802 739 Chremes
1834 699 1923 738 iam
1956 699 2088 738 etiam

468 774 700 822 displicere
732 774 847 814 nolle
879 776 1068 815 mulieri.
1102 777 1156 821 (α)

644 850 659 884 1
704 860 726 882 (ι
765 859 860 885 nam
897 850 1040 886 idcirco
1079 850 1231 886 fatetur
1271 860 1313 886 se
1351 852 1496 887 timere
1533 850 1681 887 malam
1711 852 1760 887 de
1789 860 1832 886 se
1861 849 2090 896 opinionem

590 903 765 939 Thaidis.
797 904 818 939 3
849 905 897 940 Et
928 914 1063 940 METuo
1093 914 1255 946 QUALEM
1285 914 1387 940 nove
1421 905 1520 940 dixit
1550 914 1620 949 pro
1651 904 1804 941 ‘metuo
1827 914 1879 941 ne
1901 903 2090 949 ignores'.

540 976 558 1012 1
595 985 868 1014 PEREGRINUS
899 987 976 1014 EST
1007 986 1144 1015 mnus
1170 987 1333 1016 POTENS
1360 986 1484 1022 QUAM
1512 987 1569 1015 TU
1596 977 1692 1026 ipsa
1718 987 1833 1016 nunc
1860 976 2090 1025 eloquitur,

467 1051 567 1099 quid
602 1051 817 1090 efficiatur
850 1062 904 1091 ex
938 1063 987 1091 eo
1019 1053 1131 1100 quod
1167 1054 1229 1091 ait
1261 1052 1532 1102 ‘peregrinus
1566 1054 1660 1092 est'.

642 1126 664 1160 2
695 1124 717 1147 *
745 1136 872 1162 umus
900 1136 935 1162 P.
967 1136 1000 1169 Q·
1031 1137 1066 1163 T.
1097 1127 1195 1164 bene
1224 1128 1280 1164 sic
1309 1128 1427 1173 dixit,
1458 1128 1551 1172 quia
1575 1129 1737 1164 tardum
1761 1127 1837 1164 fuit
1862 1126 1991 1164 dicere
2015 1126 2090 1163 ‘ille

587 1180 809 1226 impotens,
839 1183 884 1216 tu
915 1181 1072 1226 potens'
1102 1183 1176 1217 etc.

532 1254 550 1290 1
595 1262 675 1291 sm>
716 1263 772 1292 Tu
814 1262 928 1298 Quoi>
970 1264 1142 1292 GAVERE
1183 1264 1220 1292 P.
1255 1264 1289 1292 s.
1323 1266 1365 1293 A.
1399 1265 1437 1293 E.
1472 1254 1702 1293 ostendere
1736 1253 1831 1293 vult
1862 1253 2091 1292 Terentius

469 1329 613 1377 plures
645 1330 894 1368 sententias
926 1330 979 1368 ad
1012 1330 1300 1369 timiditatem
1333 1340 1571 1379 congruere
1603 1340 1734 1378 quam
1759 1330 1813 1369 ad
1840 1329 2091 1369 audaciam:

468 1415 570 1444 nam
619 1414 725 1444 mox
773 1405 970 1445 dicturus
1013 1408 1081 1445 est
1123 1405 1285 1445 ‘omnia
1325 1407 1446 1456 prius
1488 1406 1679 1455 experiri
1721 1415 1854 1454 quam
1896 1415 1934 1445 a.
1967 1415 2004 1445 s.
2037 1405 2093 1444 d.'

469 1483 524 1522 (v.
571 1482 684 1531 789),
728 1482 830 1530 quia
861 1493 916 1521 ex
948 1483 1224 1531 providentia
1254 1483 1404 1532 timor,
1439 1493 1495 1522 ex
1526 1483 1708 1522 audacia
1738 1483 1970 1523 temeritas
2000 1492 2092 1531 pro-

471 1559 607 1599 venit.
643 1559 667 1596 2
698 1558 962 1606 <smmum
994 1569 1246 1598 ADMITTERE
1279 1559 1415 1608 EST>
1449 1559 1638 1599 stultum
1671 1561 1740 1598 est
1770 1558 1864 1599 fieri
1897 1559 2053 1598 sinere.

645 1632 667 1668 3
697 1633 719 1653 *
747 1633 797 1669 Et
825 1633 970 1670 melius
1000 1633 1100 1670 dixit
1128 1643 1248 1678 quam
1279 1634 1408 1678 ‘pati’z
1439 1634 1514 1670 hoc
1543 1634 1730 1679 generale
1756 1635 1820 1671 est
1830 1644 1840 1679 ;
1865 1643 1961 1670 nam
1985 1643 2094 1670 nunc

590 1687 827 1724 ‘admittere’
858 1689 967 1732 pati
996 1688 1116 1724 fieri
1145 1688 1359 1732 significat.

533 1762 550 1798 1
587 1770 706 1798 MALo
738 1770 820 1798 mo
853 1770 933 1799 NOS
965 1770 1224 1800 PROSPICERE
1256 1771 1331 1809 pro
1364 1759 1534 1800 ‘cavere
1565 1770 1619 1800 ne
1650 1759 1755 1799 fiat‘.
1788 1761 1840 1803 (a)

649 1836 665 1869 1
708 1844 731 1869 α
759 1833 781 1858 *
809 1835 847 1870 id
876 1836 939 1871 est
969 1835 1274 1880 prospicere
1304 1837 1344 1872 et
1372 1845 1576 1872 cavere:
1608 1836 1655 1871 ab
1684 1844 1731 1871 eo
1761 1835 1865 1879 quod
1894 1833 2096 1880 praecedit

590 1889 1006 1979 lildlugurslilcsshsequitur.
1047 1890 1069 1925 2
1108 1899 1284 1926 AGGEPTA
1322 1899 1483 1925 rumam
1513 1890 1575 1925 hic
1604 1899 1728 1927 causa
1756 1888 1996 1934 ostenditur,
2026 1897 2096 1925 cur

535 2016 554 2052 1
590 2025 645 2053 TU
677 2025 753 2053 Aer
786 2024 929 2060 ATQUE
962 2026 999 2054 o.
1034 2026 1070 2054 o.
1104 2026 1132 2055 1.
1167 2016 1312 2064 pavidi
1345 2015 1577 2055 consilium
1611 2015 1719 2055 nihil
1751 2014 1868 2054 aliud
1901 2014 2094 2054 continet

474 2093 646 2139 praeter
689 2091 881 2130 claustra
922 2094 964 2130 et
997 2091 1162 2140 fugam.
1196 2094 1250 2133 (a)
1284 2092 1308 2130 2
1343 2102 1436 2130 DUM
1468 2102 1549 2131 neo
1582 2102 1626 2131 H.
1661 2101 1946 2131 TRANSOURRO
1978 2101 2021 2130 A.
2054 2101 2092 2130 F.

476 2167 753 2206 ‘transcurro’
798 2167 911 2207 dixit
951 2178 1036 2207 non
1071 2167 1239 2217 ‘curro’‚
1274 2169 1324 2207 ut
1354 2168 1684 2217 proximitatem
1717 2168 1800 2207 fori
1831 2167 2094 2208 ostenderet.

649 2243 666 2277 1
700 2252 724 2277 α
753 2251 848 2277 nam
878 2252 968 2278 sera
996 2244 1060 2278 est
1089 2242 1311 2279 claustrum
1341 2243 1497 2279 ianuae.

536 2314 554 2351 1
585 2323 692 2351 voro
721 2323 802 2352 neo
830 2324 871 2352 A.
899 2315 1025 2362 quasi
1052 2315 1203 2354 minus
1229 2315 1405 2363 timeat,
1427 2313 1580 2363 ‘cupio’
1599 2324 1685 2353 non
1702 2314 1844 2363 inquit
1859 2313 1936 2353 sed
1954 2313 2096 2352 ‘volo’.

479 2390 502 2427 2
533 2399 579 2427 IN
607 2399 755 2428 TURBA
781 2399 870 2428 HAG
899 2390 997 2429 vide
1024 2391 1232 2430 timidum
1259 2389 1481 2429 turbam
1510 2390 1748 2440 appellare,
1774 2391 1819 2430 in
1837 2400 1923 2440 qua
1938 2389 2097 2429 mulier

475 2475 561 2504 non
593 2465 734 2503 timet.

537 2542 556 2579 1
602 2551 763 2580 mamus
802 2552 878 2579 EST
920 2542 1049 2590 fugae
1092 2542 1369 2582 occasionem
1407 2542 1476 2581 hic
1508 2542 1629 2591 cupit
1659 2542 1768 2582 dari.
1803 2542 1828 2581 2
1860 2552 1983 2581 MANE
2015 2542 2097 2581 hoc

475 2620 602 2666 gestu
634 2618 724 2656 iam
758 2618 1005 2657 adiuvatur.
1041 2621 1065 2658 3
1100 2629 1258 2658 OMITTE
1287 2629 1370 2658 IAM
1397 2630 1440 2658 A.
1470 2629 1526 2658 ex
1554 2619 1686 2658 huius
1708 2614 1735 2662 1)
1752 2618 1899 2658 verbis
1915 2620 2097 2668 apparet

477 2694 609 2733 etiam
644 2703 777 2733 manu
812 2695 1182 2743 comprehensum
1216 2705 1315 2734 esse
1347 2695 1700 2743 adulescentem3
1734 2697 1760 2734 4
1793 2697 1972 2740 (o.1.A.)
1998 2694 2098 2742 quia

476 2780 656 2808 causam
685 2769 859 2818 probari
882 2780 967 2809 non
995 2771 1131 2821 videt,
1151 2771 1424 2810 celeritatem
1443 2770 1651 2810 redeundi
1667 2771 1909 2820 pollicetur.
1929 2772 1954 2809 5
1971 2779 2096 2810 mnu.

478 2856 586 2885 opus
627 2856 703 2884 EST
746 2856 854 2884 ISTrs
896 2846 1023 2885 ‘istis’
1065 2850 1213 2886 utrum
1256 2847 1552 2886 advocatis
1594 2857 1649 2887 au
1677 2846 1803 2886 ‘istis’
1837 2846 2095 2885 omnibus

477 2931 615 2970 quae
648 2921 887 2960 dixisti?
920 2924 968 2961 ut
1001 2921 1218 2971 Vergilius
1252 2922 1342 2962 ‘aut
1365 2923 1469 2971 quid
1496 2923 1611 2972 petis
1637 2923 1783 2962 istis'?
1810 2925 1933 2965 (Aen.
1951 2923 1992 2962 9.
2011 2922 2095 2966 94).

382 3044 404 3087 ¹)
430 3042 554 3078 Hodie
578 3042 671 3078 haec
699 3043 812 3078 verba
836 3043 1057 3079 dividuntur
1080 3044 1178 3079 inter
1200 3043 1386 3079 Thaidem
1411 3046 1448 3079 et
1473 3043 1682 3080 Chremem.

2206 372 2213 389 ι,

2208 411 2223 441 p

2149 456 2186 611 l

532 623 548 658 1
587 631 730 667 ATQUE
773 633 845 661 ITA
890 633 997 661 opus
1039 634 1114 662 EST
1155 626 1201 662 ut
1245 624 1394 662 minus
1427 623 1742 663 formidulosus
1773 623 1850 664 siS.
1885 623 1910 661 2
1944 632 2088 662 ΜΕΤὈΟ
2143 626 2146 637 ¹
