2242 3443
181 570 257 608 457

185 950 262 987 458

184 1626 261 1664 456

183 1711 259 1747 458

183 2016 260 2053 459

1032 216 1084 253 57

330 350 428 378 cum
467 339 726 387 simpliciter
753 340 1003 376 matronam
1031 339 1083 377 de
1111 338 1292 377 absente
1320 337 1515 385 Hegione
1544 339 1795 386 loquentem
1824 340 1939 377 indu·

325 417 443 454 ceret
476 413 624 453 ‘coluit
655 415 748 452 nos’
783 414 897 455 (352)
931 413 1055 462 dixit,
1091 424 1190 452 cum
1218 424 1373 452 servus
1401 416 1445 451 et
1471 414 1657 462 supplex
1685 415 1796 463 apud
1825 425 1940 463 prae-

328 493 498 530 sentem
532 491 736 538 loquitur,
773 488 834 528 ‘tu
868 500 915 529 es
946 486 1172 539 patronus’
1206 490 1360 537 inquit.

387 577 482 605 ILLE
525 577 612 605 TIBI
655 576 842 604 MORIENS
885 576 964 604 nos
1003 575 1316 604 COMMENDAVIT
1359 575 1498 605 SENEx
1542 575 1698 604 servus
1730 577 1941 615 magnum

330 643 498 682 addidit
542 642 746 681 veritatis
787 641 998 680 indicium
1041 641 1223 679 dicendo
1269 640 1510 687 ‘moriens‘;
1545 650 1673 680 nemo
1707 642 1823 680 enim
1858 653 1942 681 mo-

329 720 445 758 riens
478 728 562 757 non
599 728 702 756 vera
733 717 925 765 loquitur
952 719 994 756 et
1022 717 1239 765 urgentia,
1270 716 1384 754 unde
1411 716 1454 754 in
1484 717 1575 755 iure
1603 717 1761 756 ultima
1788 718 1945 756 indicia

331 795 515 834 certiora
542 796 659 843 sunt,
689 795 752 832 sic
781 797 824 832 et
851 794 954 832 alibi
983 793 1130 832 (Andr.
1151 793 1253 840 227)
1282 792 1408 831 ‘hanc
1435 793 1545 831 mihi
1573 795 1616 831 in
1650 804 1829 832 manum
1857 794 1943 842 dat,

329 881 450 910 mors
483 871 688 909 continuo
721 870 864 918 ipsam
900 871 1110 918 occupat’.

394 948 414 984 1
460 956 498 984 si
541 956 718 984 Dicemus
761 956 817 984 TU
854 956 1044 984 PERIMUS
1076 946 1246 994 proprie
1278 946 1403 993 quasi
1435 949 1634 995 patrono,
1668 956 1769 984 nam
1804 946 1947 984 socius

330 1022 552 1071 deficit,
577 1032 735 1070 parens
757 1022 964 1071 prodit,
991 1024 1201 1070 patronus
1223 1022 1453 1071 deserit,
1478 1022 1540 1061 sic
1563 1022 1799 1060 Sallustius
1818 1022 1945 1066 (Hist.

334 1098 353 1135 1
374 1097 423 1136 fr.
443 1097 498 1136 22
517 1097 586 1138 Μ.)
606 1097 717 1146 ‘post
735 1094 1026 1136 defectionem
1045 1097 1265 1136 sociorum
1284 1099 1327 1136 et
1344 1097 1470 1136 Latii’
1490 1100 1543 1146 (α)
1567 1100 1610 1135 et
1632 1098 1738 1139 (Ter.
1754 1098 1830 1136 Ad.
1847 1098 1946 1142 662)

332 1171 573 1220 ‘prodidisti
603 1174 646 1211 et
669 1175 713 1211 te
740 1174 784 1211 et
810 1172 932 1211 illam
959 1173 1173 1211 miseram
1201 1175 1244 1211 et
1271 1175 1474 1222 gnatum,
1504 1174 1617 1221 quod
1639 1174 1812 1220 quidem
1836 1174 1880 1211 in
1903 1176 1946 1212 te

330 1248 446 1295 fuit’;
466 1248 647 1287 Plautus
664 1247 802 1288 (Curc.
823 1249 922 1289 548)
941 1248 1027 1296 ‘qui
1046 1249 1224 1287 libertos
1240 1249 1422 1298 habent,
1442 1259 1516 1288 eos
1533 1250 1769 1297 deserunt’;
1789 1250 1888 1288 hinc
1905 1252 1949 1288 et

330 1323 514 1372 milites,
548 1326 620 1372 qui
648 1324 902 1363 defensores
929 1325 1097 1372 patriae
1127 1324 1284 1363 debent
1313 1335 1429 1374 esse,
1459 1326 1778 1365 desertores
1805 1327 1946 1365 dicun·

331 1401 402 1437 tur
423 1395 463 1441 ¹).
499 1401 523 1438 2
547 1399 665 1439 Haec
697 1401 846 1439 omnia
872 1410 1082 1448 magnam
1116 1401 1206 1439 vim
1235 1401 1415 1450 habent,
1443 1402 1480 1440 si
1499 1412 1573 1450 per
1590 1402 1787 1451 singulas
1803 1404 1949 1451 partes

335 1475 548 1514 orationis
590 1476 933 1523 considerentur,
969 1476 1022 1514 ad
1056 1477 1424 1515 commovendum
1459 1478 1659 1526 precibus
1691 1478 1948 1527 Hegionem.

506 1550 524 1584 1
556 1560 581 1585 a
609 1552 648 1586 et
673 1550 807 1594 (Verg.
833 1551 933 1586 Aen.
970 1550 1003 1586 1.
1035 1550 1124 1593 251)
1155 1550 1289 1587 ‘unius
1320 1552 1368 1587 ob
1394 1551 1495 1587 iram
1525 1553 1756 1596 prodimur’.

503 1627 525 1663 3
555 1628 604 1664 Et
634 1639 686 1664 TU
716 1639 759 1664 ns
789 1639 1001 1665 PATRONUS
1032 1629 1079 1664 ab
1108 1629 1301 1674 honesto;
1332 1640 1385 1666 TU
1412 1640 1457 1666 Es
1486 1640 1642 1666 PARENS
1670 1641 1693 1667 a
1720 1631 1841 1666 iusto.

387 1708 411 1745 3
437 1707 488 1745 Et
516 1718 554 1746 SI
582 1719 758 1747 Dicemus
787 1720 842 1747 TU
870 1719 1059 1748 PERIMUS
1087 1711 1131 1748 et
1158 1710 1257 1749 huic
1286 1711 1482 1750 maxime
1509 1713 1571 1751 rei
1599 1711 1832 1760 respondet
1854 1720 1948 1749 con-

328 1784 472 1832 trarie,
499 1794 609 1831 quae
632 1785 759 1824 illum
784 1786 980 1824 maxime
1005 1787 1259 1835 commovit,
1280 1787 1482 1836 ut(Verg.
1498 1786 1948 1836 Aen.7.452,cf.440)

335 1859 397 1898 ‘en
433 1870 512 1908 ego
548 1861 664 1899 victa
695 1862 796 1899 situ’
833 1863 876 1900 et
911 1863 956 1899 ut
987 1858 1113 1913 (Aen.
1134 1862 1172 1901 9.
1193 1863 1292 1911 392,
1314 1863 1366 1902 cf.
1387 1864 1488 1906 866)
1522 1864 1687 1911 ‘pulsus
1721 1863 1840 1911 ego?'
1875 1862 1948 1900 alii

330 1934 428 1985 πρὸς
459 1935 500 1973 τὸ
534 1935 757 1984 ‘perimus’
791 1943 841 1989 τῷ
876 1936 1114 1990 εὐφημισμῷ
1150 1948 1412 1986 responsum
1445 1941 1617 1988 putant.

389 2013 412 2050 2
454 2021 597 2057 NEQUE
640 1998 699 2051 Mn
735 2023 857 2050 simis
890 2023 958 2051 PIE
993 2023 1121 2052 Possm
1153 2024 1372 2054 ARBITROR
1404 2015 1590 2054 honesta
1621 2015 1801 2063 locutio,
1837 2024 1947 2061 quae

330 2087 570 2136 significat:
619 2088 822 2136 quicquid
868 2088 1020 2127 fecerit
1063 2099 1139 2137 pro
1187 2090 1367 2137 pietatis
1414 2091 1578 2139 debito,
1627 2091 1746 2129 illius
1790 2089 1948 2128 merito

329 2173 484 2212 parum
526 2174 643 2212 esse:
687 2174 845 2203 sensus
888 2166 1039 2203 autem
1083 2165 1152 2203 hic
1196 2168 1281 2204 est:
1315 2176 1455 2213 neque
1487 2166 1646 2205 faciam
1680 2166 1792 2214 quod
1825 2165 1948 2203 nefas

332 2242 417 2288 est,
452 2242 501 2278 ut
534 2250 613 2278 vos
646 2240 866 2286 deseram,
901 2250 981 2278 nec
1014 2240 1095 2278 hoc
1128 2240 1274 2290 ipsum
1309 2242 1420 2289 quod
1445 2242 1574 2290 facio,
1604 2243 1713 2280 satis
1739 2241 1857 2290 pium
1882 2242 1950 2279 est

282 2370 286 2377 1
331 2325 408 2363 pro
449 2317 579 2354 tanta
618 2315 958 2354 necessitudine.
999 2317 1022 2353 3
1056 2315 1109 2354 Et
1140 2316 1249 2355 bene
1282 2317 1450 2355 addidit
1483 2316 1634 2366 ‘satis’,
1669 2321 1716 2356 ut
1747 2317 1946 2365 <sit>:

183 2538 260 2576 460

330 2391 413 2429 etsi
446 2392 532 2440 pie,
567 2401 654 2430 non
688 2393 837 2430 tamen
867 2392 990 2430 satie.

505 2466 524 2500 1
552 2474 664 2500 SATIS
693 2474 757 2500 ΡΙΕ
785 2474 907 2500 POSSE
935 2466 1049 2501 deest
1079 2465 1245 2504 ‘facere’.

385 2546 579 2575 SALVERE
612 2546 839 2575 HEGIONEM
871 2546 1104 2575 PLUR1MUM
1132 2547 1261 2576 mBEo
1287 2538 1383 2577 ideo
1411 2539 1626 2587 praevidit
1652 2539 1831 2587 Demea,
1861 2548 1946 2576 non

330 2612 558 2660 praevisus
585 2614 672 2660 est,
702 2613 804 2659 quia
831 2613 1024 2660 oportuit
1050 2613 1175 2653 illum
1200 2614 1368 2663 audire,
1398 2625 1507 2662 quae
1530 2614 1778 2662 loqueretur
1795 2614 1944 2662 Hegio,

328 2690 372 2726 et
405 2698 459 2726 ex
492 2687 612 2725 illius
644 2687 733 2726 iam
769 2687 912 2726 verbis
944 2688 988 2726 in
1014 2688 1364 2736 indignationem
1392 2690 1582 2736 moveri;
1613 2686 1765 2728 ‘iubeo’
1798 2691 1946 2727 autem

331 2763 428 2802 volo
461 2762 702 2812 significat,
728 2765 782 2805 (α)
812 2765 856 2801 et
879 2765 946 2802 est
977 2761 1266 2804 Homericum
1285 2764 1348 2805 (ΙΙ.
1371 2766 1407 2803 1.
1431 2766 1536 2812 134;
1557 2765 1609 2804 cf.
1629 2766 1669 2804 3.
1688 2764 1788 2815 258)
1807 2763 1946 2802 (κέλεαι

333 2838 375 2877 δέ
406 2853 452 2888 με
483 2835 593 2876 πάντ’
629 2837 855 2877 ἀποδοῦναι
888 2839 1114 2889 ῒεθελομην
1146 2855 1220 2890 γαρ
1253 2854 1402 2890 εκτωρα
1435 2840 1755 2884 συνεννιαιεναΓῨ

503 2923 527 2948 α
556 2909 629 2948 *ab
657 2923 704 2950 eo
734 2914 838 2957 quod
867 2913 1052 2957 sequitur
1080 2913 1115 2948 id
1141 2915 1245 2958 quod
1276 2915 1498 2958 praecedit;
1524 2924 1603 2950 non
1630 2915 1813 2949 iubemus
1839 2914 1943 2949 enim

450 2966 527 3002 nisi
555 2968 659 3010 quod
688 2967 948 3003 voluerimus,

232 3107 256 3150 ¹)
282 3106 335 3142 Cf.
361 3107 513 3143 Wessn.
538 3107 576 3142 in
603 3119 678 3142 var.
703 3107 788 3141 lect.
