2242 3443
131 332 208 370 964

136 2053 212 2092 972

139 2282 216 2318 973

140 2663 216 2700 975

144 3004 217 3040 977

993 204 1073 242 113

336 340 413 367 aas
454 339 653 367 APPARET
697 328 808 366 mire
849 328 1003 366 irridet
1035 328 1211 375 Demea,
1246 330 1308 367 sic
1342 331 1505 378 tamen,
1540 332 1588 368 ut
1620 331 1734 369 serio
1767 341 1895 379 agere

281 405 498 443 videatur.

337 491 572 519 APPARARE
616 492 668 518 nn
701 491 772 518 DIE
805 490 1045 518 convrva
1078 480 1119 518 id
1153 481 1223 518 est
1251 481 1441 528 repente,
1476 490 1614 528 neque
1646 484 1747 521 ante
1779 493 1896 531 prae·

281 556 450 595 dictum
484 559 558 595 aut
592 557 728 605 pridie
761 556 1065 595 constitutum.

343 634 361 670 1
398 643 619 671 POSTREMO
648 643 780 670 Homn
809 642 852 669 IN
883 642 1094 671 PSALTRIA
1124 643 1212 670 HAG
1239 642 1416 670 EMENDA
1447 635 1489 671 et
1515 633 1595 672 hoc
1622 635 1766 673 totum
1784 636 1897 674 serio

279 707 449 756 dicitur,
484 710 532 746 ut
563 708 706 756 magis
739 707 971 746 ridiculum
1006 707 1222 746 videatur.
1258 709 1281 745 2
1316 719 1389 747 Hic
1421 719 1615 747 Anm'rOR
1646 720 1744 748 Fim-
1778 711 1819 749 in
1853 722 1898 750 re

281 782 394 822 bona
440 784 751 831 adiutores,
799 784 842 821 in
887 783 1008 821 mala
1050 783 1399 831 impulsores
1442 784 1660 834 dicuntur,
1695 796 1796 834 ergo
1830 788 1899 826 hic

281 856 480 898 ‘adiutor'
524 860 682 898 dicitur
715 859 852 907 Syrus
885 869 910 897 a
941 869 1027 898 non
1059 860 1290 907 irascente,
1327 870 1351 897 a
1382 860 1644 899 criminante
1678 865 1825 901 autem
1859 867 1902 902 et

282 935 393 973 irato
428 934 672 984 ‘impulsor’
705 936 819 984 (315,
856 936 967 975 559).
1004 936 1028 974 3
1061 946 1135 973 Hic
1168 946 1360 974 ADIUTOR
1392 947 1492 975 Fuir
1526 948 1599 976 Hic
1633 948 1821 977 cunAvr'r
1849 940 1900 979 de

280 1021 401 1050 more
448 1011 686 1060 repetitum
736 1013 805 1050 est
853 1011 968 1060 ‘hic',
1018 1022 1117 1050 cum
1162 1012 1320 1050 dicitur
1364 1011 1446 1051 ‘hic
1489 1013 1659 1052 adiutor
1699 1015 1796 1064 fuit,
1832 1015 1900 1054 hic

281 1087 481 1136 curavit',
529 1087 593 1125 sic
640 1087 760 1125 enim
807 1087 1005 1126 solemus
1052 1097 1235 1126 onerare
1283 1088 1535 1127 audientem
1578 1090 1749 1129 meritis
1793 1091 1899 1140 eius,

282 1173 413 1210 quem
447 1163 696 1202 laudamus.
731 1165 785 1208 (α)

453 1236 476 1272 3
504 1247 528 1272 a
557 1235 723 1273 *deinde
750 1237 844 1281 quid
875 1237 1083 1284 <non>
1115 1238 1331 1282 praestitit,
1361 1238 1428 1282 qui
1457 1239 1497 1273 et
1527 1239 1697 1275 officium
1723 1241 1902 1284 corporis

403 1292 448 1326 ut
475 1291 635 1327 adiutor
663 1294 702 1328 et
732 1301 870 1328 curam
912 1292 1036 1327 animi
1064 1293 1245 1337 praebuit
1275 1294 1319 1328 ut
1348 1293 1587 1329 consultor?

347 1373 537 1409 Damone
586 1375 659 1402 Hrc
706 1375 819 1402 vom
867 1375 982 1403 Fiam
1030 1364 1226 1403 abutitur
1272 1364 1437 1404 Demea
1485 1365 1629 1404 sciens
1676 1366 1901 1415 prodigam

286 1441 563 1480 voluntatem
597 1440 930 1479 adulescentuli.

346 1519 365 1556 1
411 1528 519 1556 SYRE
562 1527 727 1556 ACCEDE
771 1528 859 1556 HUC
891 1528 950 1556 AD
983 1527 1041 1556 ME
1075 1519 1221 1556 utrum
1256 1519 1306 1556 ut
1338 1518 1524 1557 eundem
1557 1528 1691 1557 manu
1725 1519 1902 1558 emittat

286 1604 340 1632 an
373 1595 423 1632 ut
454 1593 602 1643 palam
635 1592 726 1642 fiat,
759 1594 881 1632 iubet
913 1594 1090 1643 propius
1122 1594 1326 1633 accedere
1358 1594 1468 1633 iuris
1493 1595 1654 1643 publici
1673 1598 1901 1635 consuetu·

284 1670 430 1709 dinem
462 1670 650 1708 ludens?
683 1670 707 1708 2
742 1672 785 1709 et
817 1670 914 1709 vide
943 1680 1075 1718 quam
1105 1671 1318 1709 comicam
1346 1671 1742 1710 manumissionem
1771 1682 1900 1720 quam

283 1746 426 1786 facete
459 1747 685 1785 induxerit
717 1748 847 1794 atque
880 1747 1114 1795 condigne!

343 1833 393 1860 ET
436 1833 632 1861 SEORSUM
674 1833 760 1861 TIBI
793 1833 1048 1861 PRAETEREA
1084 1833 1232 1861 DEMEA
1266 1823 1411 1862 effecit
1442 1823 1607 1862 Demea
1638 1823 1738 1872 plus
1770 1834 1902 1872 quam

284 1898 483 1937 volebat:
526 1909 631 1937 nam
672 1900 743 1947 qui
786 1900 926 1937 amari
969 1899 1223 1944 conabatur,
1269 1899 1510 1948 praefertur
1551 1899 1620 1938 his
1663 1901 1796 1939 etiam
1830 1901 1903 1947 qui

280 1976 500 2014 amantur.

345 2052 364 2088 1
411 2060 585 2089 GAUDEO
628 2062 679 2089 ET
721 2061 802 2090 EGO
843 2051 1165 2099 gratulantium
1205 2052 1313 2100 Syro
1347 2061 1476 2090 voces
1508 2053 1625 2100 sunt,
1660 2051 1817 2100 quibus
1850 2052 1901 2090 de

287 2137 407 2166 more
453 2126 526 2165 ille
575 2125 731 2165 ‘credo’
779 2127 1025 2176 respondet.
1075 2128 1099 2165 2
1148 2138 1321 2166 UTINAM
1369 2138 1451 2166 Hoc
1499 2138 1759 2166 PERPETUUM
1803 2138 1902 2166 FIAT

285 2212 489 2240 GAUDIUM
521 2202 757 2251 integrum,
792 2202 982 2241 solidum
1015 2204 1058 2241 et
1089 2213 1307 2251 nusquam
1340 2204 1651 2252 interruptum.

349 2280 367 2316 1
404 2287 638 2316 PHRYGIAM
668 2288 724 2316 UT
757 2288 938 2317 UXOREM
972 2289 1095 2319 MEAM
1130 2281 1178 2318 ut
1209 2280 1301 2328 ipse
1335 2280 1532 2329 Syrus,
1566 2281 1628 2319 ita
1660 2280 1902 2329 Phrygia

285 2364 397 2393 uxor
436 2354 680 2393 secundum
715 2357 902 2403 veteres,
937 2356 1009 2403 qui
1041 2356 1182 2395 servis
1214 2357 1395 2395 nomina
1427 2367 1452 2395 a
1484 2357 1738 2395 nationibus
1769 2357 1901 2404 impo-

287 2430 464 2469 nebant.
509 2430 532 2467 2
577 2440 671 2469 UNA
704 2440 856 2469 MEoUM
889 2441 1057 2470 vrnnAM
1089 2442 1285 2471 LrssERAM
1317 2433 1397 2472 hoc
1431 2433 1495 2472 sic
1527 2433 1901 2481 pronuntiandum

287 2508 368 2555 est,
411 2506 537 2554 quasi
574 2507 764 2555 gaudeat
794 2517 841 2546 se
873 2508 1151 2547 recordatum
1185 2509 1238 2547 de
1270 2519 1334 2558 ea,
1368 2509 1480 2556 quod
1513 2519 1611 2548 cum
1646 2509 1761 2548 ultro
1794 2509 1903 2557 cogi-

287 2584 379 2621 tare
413 2582 652 2632 habuisset,
687 2592 822 2631 paene
856 2583 1021 2622 oblitus
1053 2584 1150 2623 fuit.

349 2660 367 2696 1
404 2669 537 2697 HODIE
569 2669 708 2699 PRrMA
741 2670 943 2698 MAMMAM
975 2671 1103 2698 onom·
1131 2671 1247 2699 HAEC
1273 2660 1505 2700 ridiculum
1534 2661 1753 2708 meritum,
1774 2660 1901 2708 siqui-

287 2734 387 2773 dem
420 2735 659 2783 oportuerit
693 2735 880 2783 primam
914 2746 1012 2775 esse
1040 2746 1375 2784 quamcumque.
1404 2738 1428 2775 3
1458 2747 1625 2775 HERCLE
1653 2746 1762 2774 VERO
1780 2746 1901 2775 SERIO

288 2810 497 2848 adverbia
528 2812 632 2849 sunt
664 2810 973 2849 confirmantia
1005 2821 1105 2850 cum
1138 2810 1390 2862 παρέλκοντε.

461 2876 484 2911 2
512 2873 600 2912 *An
629 2876 722 2920 quia
749 2886 873 2912 causa
897 2878 973 2922 est,
999 2887 1079 2921 qua
1102 2879 1268 2922 ingenui
1292 2878 1480 2914 dicuntur
1504 2879 1608 2914 serio
1634 2887 1656 2912 a
1679 2876 1902 2912 nutricibus

407 2929 541 2965 liberis
570 2931 795 2967 educendi?

352 3002 371 3039 1
417 3012 468 3039 013
511 3012 603 3040 EAM
644 3012 731 3041 REM
768 3003 849 3041 hoc
882 3012 931 3040 eo
965 3002 1088 3040 vultu
1121 3003 1291 3051 dicitur,
1327 3012 1410 3050 quo
1443 3013 1535 3041 rem
1571 3001 1706 3040 veluti
1740 3001 1902 3039 excuti-

290 3085 392 3115 mus
434 3079 478 3115 et
508 3078 784 3117 ostendimus
817 3078 1032 3116 momenti
1065 3088 1164 3117 esse
1195 3077 1374 3117 nullius.
1408 3078 1434 3116 2
1466 3087 1705 3116 ARGENTUM
1738 3086 1902 3121 QUANTI

185 3152 346 3180 KARsTEx,
365 3147 456 3175 Com.
474 3147 557 3176 Don.
1763 3147 1796 3173 8*
