2242 3443
129 1178 205 1214 685

130 1399 206 1435 688

132 1625 208 1661 689

131 1701 208 1737 688

131 1847 208 1883 690

131 2028 206 2064 692

130 2378 206 2414 693

132 2529 207 2565 692

132 2601 208 2639 694

132 2897 207 2934 695

979 213 1033 250 83

274 336 506 375 ducturum
550 335 802 384 coniugem;
847 335 1062 374 adversus
1104 347 1235 384 quam
1278 337 1578 376 difficultatem
1612 340 1710 386 quia
1743 342 1879 389 ipsius

276 419 348 459 (sc.
391 411 584 459 Mysidis)
628 421 815 460 persona
847 421 932 450 non
966 412 1141 461 sufficit,
1176 413 1218 451 id
1250 413 1359 461 agit,
1396 415 1443 451 ut
1474 415 1526 452 ad
1560 415 1698 463 ipsam
1732 416 1878 464 Glyce-

277 488 392 526 rium
424 487 553 525 modo
587 487 777 525 adducat
808 486 1109 536 Pamphilum,
1145 488 1211 526 cui
1245 488 1452 527 affectum
1487 491 1678 528 concitat
1709 501 1795 529 non
1828 503 1882 530 ex

277 573 326 602 eo
353 562 495 602 solum
524 562 637 609 quod
667 572 767 601 eum
794 563 923 600 vocat
949 562 1112 611 puella,
1143 563 1217 601 sed
1245 564 1379 602 etiam
1410 564 1521 609 quod
1549 565 1761 605 desiderat
1784 577 1882 605 eum

276 639 435 677 videre„
464 639 489 677 3
532 648 607 676 Um
639 648 714 676 UBI
746 648 844 676 ERIT
876 638 1026 685 <‘ubi
1057 638 1207 686 ubi'>
1239 639 1283 676 in
1315 639 1458 687 prima
1487 642 1607 687 parte
1635 642 1723 680 vim
1757 653 1881 681 suam

273 716 411 762 tenet,
446 714 489 752 in
523 715 761 762 posteriore
793 714 1020 763 productio
1054 717 1142 761 est;
1178 716 1219 753 et
1247 715 1316 752 est
1342 715 1708 762 quemadmodum
1736 720 1882 767 utut,

275 800 511 838 quaqua,
544 789 839 828 undeunde
872 799 948 837 pro
981 791 1299 839 utcumque,
1334 800 1691 841 quacumque,
1725 794 1879 832 unde-

276 876 336 905 cu
349 876 392 904 m
411 876 436 913 q
449 875 476 903 u
490 876 525 904 e.

449 940 467 974 1
499 950 522 974 a
551 949 654 983 opus
679 939 788 975 enim
814 941 878 975 est
900 939 1069 975 excitari
1093 949 1238 975 rursus
1261 939 1580 986 adulescentem,
1601 951 1650 977 ne
1666 943 1739 978 sub
1756 944 1882 987 patris

394 993 654 1038 oppressione
683 993 908 1038 frangatur.
939 996 961 1028 4
989 992 1011 1014 *
1039 997 1138 1034 (IAM)
1158 1020 1165 1027 .
1182 1021 1189 1029 .
1208 1020 1217 1029 .
1243 1003 1451 1029 INVENTUM
1477 996 1570 1031 cett.
1596 1005 1675 1031 non
1692 997 1821 1033 solum
1839 1007 1882 1033 se

393 1048 653 1083 adducturam
697 1048 899 1092 promisit,
945 1048 1013 1082 sed
1052 1050 1091 1083 et
1128 1048 1291 1092 tempus
1329 1048 1487 1083 addidit.
1527 1051 1549 1084 5
1583 1049 1631 1085 Et
1660 1050 1756 1086 bene
1787 1051 1882 1086 ‘tibi’

395 1101 509 1145 quasi
537 1101 701 1137 amanti.

337 1174 357 1211 1
391 1183 447 1211 TU
479 1183 593 1211 Mono
627 1182 767 1210 ANIME
800 1183 851 1210 Ml
882 1182 923 1211 N.
957 1184 993 1211 T.
1027 1183 1073 1211 M.
1107 1172 1252 1210 mollis
1284 1172 1421 1212 oratio
1454 1175 1496 1212 et
1527 1173 1714 1213 feminea
1732 1175 1882 1213 multis

275 1247 500 1296 implicata
532 1248 859 1287 blandimentis,
893 1250 946 1289 (a)

452 1322 470 1357 1
502 1331 526 1357 α
554 1321 611 1357 ait
639 1322 747 1358 enim
777 1322 835 1358 ‘tu
864 1324 996 1367 modo,
1027 1322 1160 1358 anime
1189 1322 1268 1358 mi'.
1299 1320 1323 1360 2
1351 1333 1397 1358 111
1425 1332 1497 1367 pro
1526 1333 1653 1359 meus.

337 1395 356 1432 1
388 1404 473 1432 Hoc
498 1404 657 1432 MALUM
684 1404 968 1433 INTEGRAsorr
1003 1394 1345 1443 integratur,
1380 1395 1491 1442 quod
1520 1395 1571 1433 ad
1588 1395 1803 1443 integrum
1823 1406 1882 1434 re·

275 1469 356 1518 dit,
390 1469 502 1516 quod
534 1470 763 1518 repetitur,
796 1470 907 1517 quod
936 1470 1229 1518 instauratur,
1259 1471 1307 1508 ut
1333 1470 1548 1518 Vergilius
1578 1469 1793 1517 ‘ramoque
1821 1482 1884 1510 se-

276 1547 381 1584 dens
415 1545 664 1584 miserabile
697 1556 874 1584 carmen
905 1546 1110 1594 integrat’
1143 1545 1230 1586 (Ge.
1263 1547 1303 1584 4.
1338 1547 1450 1589 514).

333 1630 660 1659 sonticrrARmR
692 1621 950 1669 perturbari.

336 1697 360 1734 2
393 1706 476 1734 Hoc
509 1707 666 1735 MALUM
699 1707 821 1735 amor
855 1707 980 1735 meus
1013 1698 1089 1735 aut
1121 1696 1309 1744 Glycerii
1340 1696 1605 1746 sollicitudo,
1640 1707 1768 1744 quam
1787 1708 1882 1736 nes-

279 1773 364 1811 cire
395 1772 694 1820 <nuptias>
726 1773 929 1821 oportuit.

450 1847 468 1881 1
509 1842 531 1864 *
567 1856 740 1882 NUPTIAS
780 1856 885 1888 Quoi)
923 1856 1015 1882 MIHI
1051 1856 1259 1882 APPARARI
1294 1846 1502 1890 ‘apparari’
1533 1847 1578 1881 ad
1609 1846 1813 1882 horrorem
1843 1848 1882 1881 et

394 1899 580 1936 timorem
610 1900 800 1945 refertur,
830 1901 852 1935 2
884 1902 924 1935 et
953 1900 1087 1936 dativo
1116 1901 1298 1936 iunctum
1329 1900 1478 1935 cladem
1503 1902 1543 1935 et
1568 1900 1780 1943 perniciem
1807 1900 1882 1943 sig·

393 1953 546 1999 nificat,
577 1955 622 1989 ut
651 1954 852 1998 Vergilius
883 1954 993 1989 ‘mihi
1022 1964 1136 1989 sacra
1164 1954 1307 1998 parari'
1340 1955 1453 1995 (Aen.
1485 1954 1519 1988 2.
1555 1954 1660 1998 132).

337 2026 357 2063 1
392 2034 477 2063 AGE
511 2035 550 2063 SI
582 2035 656 2063 Hro
688 2035 774 2064 NON
807 2035 985 2064 INSANIT
1012 2035 1134 2063 SATIS
1163 2025 1232 2063 hic
1259 2025 1477 2063 exsertius
1505 2025 1751 2073 comprimit
1779 2024 1878 2063 Cha-

276 2100 437 2150 rinum,
467 2110 520 2139 ne
546 2100 740 2139 fomenta
765 2101 1015 2140 iracundiae
1044 2100 1270 2149 Pamphilo
1300 2100 1535 2148 praeberet.
1560 2100 1584 2138 3
1604 2110 1641 2138 SI
1659 2110 1732 2138 Hic
1748 2109 1835 2138 NON
1852 2111 1878 2138 1.

276 2175 415 2215 ironia
446 2178 527 2215 est.
561 2179 614 2221 (α)

447 2251 468 2285 2
509 2251 611 2286 Aut:
650 2249 684 2285 si
722 2250 901 2294 paenitet
940 2252 997 2294 te,
1029 2251 1227 2293 quantum
1257 2259 1331 2285 sua
1361 2250 1506 2293 sponte
1535 2249 1697 2284 insanit.
1728 2249 1749 2283 3
1780 2259 1803 2282 α
1832 2258 1880 2283 an

393 2303 480 2339 laus
508 2304 557 2339 ad
582 2303 852 2347 mitigandum
882 2303 1167 2348 Pamphilum?

331 2384 459 2412 MYsrs
501 2375 770 2413 asseveratio
814 2378 898 2424 est,
943 2375 979 2413 si
1021 2385 1046 2413 a
1089 2374 1263 2412 nomine
1307 2374 1401 2412 eius
1431 2373 1632 2422 incipiam,
1667 2382 1765 2411 011111
1799 2381 1881 2418 quo

277 2449 482 2497 loqueris.

334 2526 359 2563 4
391 2535 533 2570 ATQUE
565 2536 728 2564 EDEPOL
760 2537 817 2564 EA
848 2536 926 2564 Rns
958 2536 1033 2564 EST
1064 2525 1108 2563 id
1141 2526 1207 2565 est
1242 2523 1430 2572 ‘nuptias
1462 2523 1660 2572 apparari
1687 2522 1850 2560 sensit'.

337 2601 357 2638 1
401 2611 483 2639 PER
525 2611 665 2640 OMNES
697 2612 787 2640 Trssr
820 2611 982 2639 ADIURo
1014 2611 1120 2639 onos
1153 2599 1232 2638 ‘ad’
1267 2600 1441 2637 auctiva
1471 2597 1683 2647 particula
1715 2599 1798 2644 est,
1833 2598 1880 2633 ut

278 2675 703 2716 admirabiliter
736 2676 863 2715 valde
895 2676 1167 2715 mirabiliter.
1201 2677 1254 2720 (a)
1289 2676 1312 2712 2
1347 2674 1396 2714 Et
1423 2675 1502 2712 hoc
1528 2673 1726 2721 superest
1754 2671 1881 2709 amis-

279 2760 328 2789 sa
357 2750 452 2801 fide,
486 2754 532 2790 ut
564 2752 797 2790 iurandum
831 2752 902 2790 sit.

450 2826 468 2861 l
500 2835 524 2861 a
551 2827 592 2862 et
620 2827 861 2871 adverto,
887 2825 1023 2861 addo.

337 2897 356 2934 1
400 2906 487 2935 NON
519 2907 557 2935 sr
589 2907 831 2936 CAPIUNDos
862 2906 964 2934 MIHI
997 2906 1030 2933 s.
1065 2906 1092 2933 1.
1128 2905 1164 2934 o.
1199 2905 1243 2933 H.
1277 2895 1389 2932 mira
1421 2892 1678 2931 verecundia
1713 2889 1877 2928 ‘omnes

279 2971 492 3010 homines’
524 2972 683 3011 maluit
714 2972 873 3020 dicere,
908 2973 956 3009 ut
985 2972 1028 3008 in
1062 2970 1130 3007 his
1162 2972 1364 3018 parentes
1399 2977 1565 3015 quoque
1598 2963 1875 3012 significaret,

274 3055 405 3092 quam
435 3049 582 3095 aperte
615 3048 757 3086 dicere
792 3047 991 3095 ‘patrem’
1027 3046 1151 3083 cuius
1184 3046 1303 3083 metu
1337 3043 1537 3091 promisit
1567 3040 1754 3088 nuptias.
1785 3038 1808 3075 2
1829 3037 1878 3075 Et

277 3123 426 3160 contra
458 3122 564 3161 illud
598 3123 687 3161 ‘sed
719 3123 808 3160 vim
842 3124 889 3160 ut
921 3130 1054 3168 queas
1084 3120 1208 3158 ferre’
1242 3124 1297 3161 (v,
1332 3118 1446 3168 277).
