2242 3443
952 1061 1394 1113 EUNUCHUS

389 1373 458 1408 Uti
498 1373 538 1408 in
581 1373 710 1418 prima
750 1373 1011 1409 adnotatione
1049 1374 1098 1409 ad
1135 1373 1309 1410 Andriae
1348 1373 1518 1419 scholia,
1557 1383 1664 1409 nunc
1705 1383 1864 1417 quoque
1891 1372 2053 1408 initium

281 1434 381 1471 facio
410 1444 433 1471 a
461 1435 688 1471 scholiis
718 1435 1010 1471 rhetoricis
1040 1435 1096 1471 ad
1126 1435 1444 1471 Eunuchum.
1476 1436 1573 1471 Post
1602 1445 1666 1481 ea,
1697 1445 1800 1479 quae
1828 1435 1881 1471 ibi
1902 1435 2053 1470 detoto

281 1506 429 1540 genere
466 1496 667 1534 rhetorico
704 1498 912 1542 disputata
949 1500 1064 1544 sunt,
1100 1499 1180 1533 iam
1223 1498 1321 1534 haec
1359 1498 1524 1534 dicenda
1563 1499 1848 1534 tantummodo
1881 1498 2053 1533 restant.

281 1558 438 1595 Scholia
465 1559 664 1596 rhetorica
692 1560 740 1595 ad
770 1559 1012 1596 Eunuchum
1042 1560 1144 1596 satis
1174 1570 1266 1596 rara
1289 1562 1404 1604 sunt,
1431 1561 1644 1596 numeravi
1659 1560 1728 1595 vix
1744 1560 2051 1605 quinquaginta.

281 1621 548 1657 Memorabilis
578 1622 642 1657 est
670 1621 870 1666 imprimis
899 1623 1107 1658 adnotatio
1138 1623 1283 1658 Donati
1311 1623 1360 1658 ad
1391 1623 1477 1668 144,
1507 1623 1543 1663 2,
1571 1623 1637 1658 ubi
1662 1623 1954 1658 commemorat
1967 1631 2054 1658 auc-

281 1684 390 1719 tores
431 1683 674 1729 rhetoricos‚
713 1685 780 1728 qui
820 1685 936 1721 ‘hanc
974 1685 1198 1722 meretricis
1239 1686 1465 1722 orationem
1493 1687 1622 1722 instar
1650 1684 1950 1721 controversiae
1978 1685 2055 1720 ret·

281 1744 492 1790 tulerunt’‚
530 1755 550 1781 e
580 1755 658 1789 quo
687 1746 790 1789 loco,
822 1748 1055 1791 comparato
1085 1757 1176 1783 cum
1207 1748 1471 1785 adnotatione
1499 1749 1548 1784 ad
1577 1748 1738 1783 Phorm.
1768 1746 1856 1791 348,
1886 1746 1979 1790 quid
2007 1745 2054 1782 de

282 1806 427 1842 Donati
469 1807 615 1843 studiis
656 1807 915 1853 fontibusque
953 1809 1165 1845 rhetoricis
1211 1811 1259 1845 ad
1302 1810 1445 1846 harum
1488 1810 1714 1846 fabularum
1759 1808 2054 1854 interpretatio-

281 1879 374 1905 nem
423 1869 609 1905 adhibitis
657 1871 922 1907 statuendum
965 1871 1036 1915 sit,
1080 1872 1265 1916 expedivi
1308 1872 1348 1907 in
1390 1873 1657 1917 Mnemosyne
1698 1872 1801 1913 (vide
1830 1870 2050 1916 praef.1v).

281 1931 442 1968 Scholia
484 1941 603 1969 vere
645 1934 693 1967 et
737 1942 875 1968 mere
918 1933 1184 1970 rhetorica
1219 1934 1393 1978 ipsius
1433 1935 1623 1970 Donati
1663 1935 1711 1970 ad
1741 1933 1846 1970 hanc
1873 1932 2051 1969 fabulam

280 1993 391 2029 nulla
429 1995 525 2029 sunt
563 1996 724 2038 praeter
762 1996 914 2040 prolog.
946 1995 1006 2032 27.
1039 1995 1062 2032 2
1092 1998 1132 2032 et
1163 1996 1225 2032 40.
1259 1997 1291 2032 1.
1323 1997 1740 2033 Semirhetorica
1769 1996 1806 2032 id
1836 1997 1901 2032 est
1929 1995 2052 2032 inter-

280 2053 482 2098 pretativa
525 2054 643 2091 simul
688 2059 727 2092 et
770 2057 987 2101 rhetorica,
1026 2058 1185 2103 repperi
1224 2058 1344 2095 haec:
1385 2059 1446 2096 88.
1485 2060 1518 2104 1,
1550 2059 1612 2096 98.
1643 2060 1679 2105 2,
1712 2059 1798 2095 144.
1831 2059 1864 2102 1,
1898 2058 1983 2094 160.
2017 2058 2050 2102 1,

283 2115 371 2153 666.
412 2116 448 2161 3,
489 2116 575 2153 691.
616 2118 652 2163 2,
683 2119 771 2163 864.
803 2120 838 2163 2,
873 2120 985 2156 1071.
1017 2120 1052 2166 2,
1082 2121 1239 2157 Scholia
1269 2131 1388 2158 vere
1417 2122 1689 2158 rhetorica
1718 2121 1955 2163 (secundum
1985 2129 2050 2165 ea,

281 2188 384 2223 quae
422 2180 596 2223 exposui
633 2180 670 2215 in
702 2181 848 2217 Mnem.
878 2182 902 2217 l.
932 2182 956 2218 l.
988 2192 1024 2227 p.
1059 2183 1132 2219 125
1163 2193 1250 2227 sqq.
1285 2183 1358 2220 139
1389 2194 1473 2228 sqq.
1505 2186 1544 2220 et
1576 2183 1815 2229 praesertim
1846 2182 1922 2219 229
1951 2191 2051 2227 sqq.‚

279 2240 360 2281 (ubi
393 2242 531 2276 tamen
560 2241 599 2276 in
631 2243 883 2288 paragrapho
914 2244 961 2279 de
993 2244 1185 2280 Eunucho
1216 2255 1251 2290 p.
1283 2245 1359 2281 239
1391 2255 1475 2290 sqq.
1506 2246 1621 2291 plura
1649 2245 1785 2291 omisi,
1815 2253 1917 2289 quae
1945 2253 2052 2280 nunc

278 2302 600 2346 reprehendam.)
630 2305 765 2340 omnia
798 2306 994 2341 debentur
1023 2306 1109 2342 aliis
1139 2307 1238 2343 artis
1270 2309 1518 2353 doctoribus,
1548 2309 1594 2344 de
1625 2308 1769 2352 quibus
1796 2307 1885 2343 vide
1905 2306 2051 2342 ibidem

281 2373 318 2408 p.
357 2364 432 2400 229
473 2374 530 2408 sq.
570 2365 674 2401 Sunt
712 2368 850 2402 autem
888 2367 1005 2403 haec:
1038 2368 1134 2412 prol.
1169 2369 1258 2405 275
1288 2372 1327 2405 et
1357 2370 1408 2405 40
1440 2370 1521 2415 1α;
1553 2380 1671 2418 porro
1704 2369 1790 2406 163.
1828 2371 1862 2417 1,
1896 2371 1982 2408 169.
2015 2371 2050 2417 1,

282 2426 371 2462 307.
400 2426 436 2471 3,
468 2426 556 2463 308.
587 2427 622 2472 2,
654 2427 741 2464 309.
775 2428 811 2472 2,
842 2428 930 2465 310.
964 2430 997 2472 1,
1030 2430 1104 2466 349
1136 2430 1216 2475 3α,
1249 2431 1336 2468 355.
1371 2432 1404 2477 1,
1435 2432 1523 2468 359.
1555 2432 1591 2468 3.
1621 2433 1690 2477 4α,
1721 2431 1809 2475 387,
1841 2433 1931 2478 571,
1959 2432 2048 2478 590,

283 2488 370 2524 643.
410 2488 447 2533 5,
489 2487 578 2524 645.
619 2490 652 2525 1.
694 2489 729 2534 3,
771 2490 858 2526 659.
892 2492 924 2536 1,
957 2491 1045 2528 666.
1079 2493 1112 2534 1,
1144 2493 1230 2529 700.
1265 2493 1301 2537 2,
1332 2493 1420 2530 713.
1455 2494 1487 2540 1,
1520 2494 1608 2531 714.
1640 2495 1675 2539 2,
1707 2495 1795 2531 722.
1828 2495 1862 2541 1,
1892 2494 1981 2531 766.
2014 2495 2047 2539 1,

282 2550 369 2586 778.
411 2550 445 2595 1,
484 2549 573 2587 805.
614 2551 649 2596 4,
681 2551 770 2597 960,
802 2552 914 2588 1012.
944 2552 978 2590 2.
1009 2553 1140 2598 Igitur
1169 2564 1191 2590 a
1222 2555 1384 2591 scholiis
1414 2555 1626 2592 rhetoricis
1655 2556 1878 2592 indicandis
1908 2556 2049 2593 dehinc

280 2612 508 2648 abstinebo.

281 2736 306 2773 ὅ
387 2734 595 2771 Bentleius
624 2737 797 2772 correxit
826 2737 1109 2775 ‘existimarit’.

280 2799 305 2834 6
387 2797 411 2833 2
445 2797 610 2833 tametsi
646 2798 796 2834 erravit
825 2799 1064 2845 scholiasta,
1092 2810 1186 2837 cum
1218 2801 1394 2838 ‘dictum’
1424 2803 1598 2847 utroque
1624 2803 1709 2840 loco
1738 2814 1810 2849 pro
1839 2804 2047 2850 participio

333 2858 562 2895 habendum
584 2858 657 2904 sit,
682 2862 820 2896 tamen
845 2870 925 2897 non
950 2863 1015 2898 est
1040 2872 1110 2898 cur
1131 2863 1207 2900 hoc
1222 2863 1419 2900 scholium
1433 2862 1460 2910 1)
1476 2875 1567 2901 cum
1596 2865 1835 2911 Remigio
1863 2867 2044 2903 Sabba-

327 3024 351 3067 1)
375 3021 528 3058 Scholia
548 3034 644 3066 quae
664 3022 708 3057 R.
729 3022 996 3060 Sabbadini
1021 3025 1059 3060 in
1085 3026 1244 3062 ‘Studiis
1269 3027 1409 3063 italicis
1435 3028 1481 3063 de
1507 3029 1718 3074 philologia
1743 3030 1923 3071 classica',
1944 3030 2041 3070 1895,

280 3074 352 3164 ΣΞ.
372 3074 654 3164 ἐξὲξ-ἕξ,
680 3076 718 3110 in
745 3075 837 3111 Eun.
862 3078 932 3112 act.
958 3076 973 3112 1
998 3080 1036 3113 et
1059 3078 1092 3113 11
1118 3091 1140 3114 a
1165 3078 1315 3116 Donato
1340 3079 1586 3124 abiudicavit,
1609 3082 1831 3128 designabo,
1855 3083 1921 3119 ubi
1945 3095 2041 3128 opus

2204 1804 2211 1832 -η-
2205 1715 2213 1783 ,m

2172 3277 2174 3304 Ι
2225 3274 2229 3296 l

2172 3306 2174 3325 l
