2242 3443
168 323 245 360 550

170 446 243 482 821

171 570 248 606 839

170 754 246 791 864

172 1558 248 1593 914

173 1681 247 1717 931

174 1865 248 1902 937

175 1928 251 1964 983

202 2084 251 2120 28

200 2206 251 2242 30

203 2326 252 2363 42

178 2451 254 2487 116

184 2513 255 2548 171

181 2635 257 2671 608

920 211 1176 241 PRAEFATIO.
1865 217 1924 242 VH

300 323 317 358 1
364 324 555 358 neutrum
598 324 764 358 verbum
806 323 921 366 quasi
963 324 1139 359 activum
1170 326 1226 361 ‘se
1269 326 1420 361 irruat’.
1464 325 1486 361 3
1529 335 1618 360 cum
1655 329 1843 362 neutrum
1874 328 1927 362 sit

301 383 465 430 ‘irruat’‚
495 393 598 419 nove
626 383 761 419 intulit
789 393 846 429 se⁷
877 385 945 419 ctt.
1030 385 1215 421 Alterum
1245 396 1295 421 ex
1324 387 1471 429 alter03
1503 386 1548 421 cf.
1579 387 1665 423 319.
1697 389 1729 423 1.

301 445 614 481 obscurissimus
644 455 791 481 sensus
821 447 859 480 et
889 455 931 481 re
959 446 999 481 et
1028 448 1172 482 verbis.
1232 448 1307 484 823
1340 448 1358 483 1
1391 449 1536 483 obsure
1566 447 1723 484 locutus
1754 452 1816 485 est
1841 460 1930 485 cum

301 507 353 543 sit
382 507 446 543 hic
474 515 634 552 sensus,
665 508 734 542 ctt.
765 506 863 542 Vide
896 508 987 543 adn.

301 568 325 605 2
362 578 451 604 cum
494 569 569 604 hoc
606 569 757 604 scholio
795 569 975 612 longiore
1012 569 1158 605 Donati
1194 580 1380 614 compara
1411 571 1488 608 840
1517 572 1564 608 2:
1595 575 1695 609 mire
1725 576 1930 616 tamquam

301 631 545 666 necessitate
587 631 743 674 cogitur
786 632 833 666 ad
873 631 1129 674 gaudendum
1168 633 1341 675 agrestis
1382 643 1506 668 senex
1549 637 1588 670 et
1628 636 1931 679 μισοκαλήμερος,

302 692 369 727 ubi
397 702 478 727 vox
508 691 657 727 Graeca
687 691 773 727 sine
802 692 921 727 dubio
951 694 1117 736 sumpta
1146 694 1208 728 est
1238 703 1289 728 ex
1318 694 1394 730 illo.

304 754 323 789 1
366 754 466 789 mira
509 751 686 790 varietas
728 755 767 789 et
809 754 848 788 in
893 753 989 789 locis
1030 756 1070 790 et
1107 754 1146 789 in
1187 755 1368 799 partibus
1408 757 1612 792 orationis.
1642 758 1665 793 5
1695 757 1783 792 vide
1812 767 1930 800 quam

304 818 417 860 grate
447 826 470 852 a
499 816 730 851 nominibus
760 815 936 862 <ad>
966 817 1086 852 verba
1114 818 1313 853 transeat.
1345 817 1443 853 Vide
1473 820 1561 853 adn.

410 877 434 912 4
462 878 499 912 id
527 879 609 913 est:
641 878 797 913 nullum
828 879 1086 922 praesentem
1116 879 1284 915 laedere.
1313 880 1335 916 9
1366 882 1409 915 ut
1441 880 1597 916 nullum
1622 891 1757 916 secum
1775 881 1931 915 tristem

301 938 430 975 faciat.
458 939 557 974 Vide
586 940 675 974 adn.
707 939 731 975 2
761 949 799 983 p.
832 939 921 975 102.

408 1001 430 1037 6
462 1001 663 1036 ‘clemens’
696 1002 757 1036 est
785 1000 886 1036 circa
910 1010 973 1036 res
998 1005 1104 1036 recte
1129 1003 1312 1045 agentes,
1338 1002 1542 1046 ‘placidus’
1568 1003 1696 1038 vultu.
1722 1003 1820 1039 Vide
1844 1004 1934 1038 adn.

303 1063 347 1098 In
385 1063 448 1098 his
478 1063 638 1098 scholiis
669 1072 747 1098 non
777 1063 975 1098 habemus
1004 1065 1263 1108 excerptores
1294 1065 1363 1099 sed
1393 1064 1529 1109 plures
1559 1065 1776 1108 magistros
1805 1073 1934 1099 aemu-

304 1124 364 1160 los
392 1124 550 1160 Donati.

301 1186 324 1223 3
361 1187 462 1222 satis
501 1186 709 1222 moraliter
750 1184 895 1222 ‘frater'
934 1186 1048 1230 dixit,
1087 1196 1160 1222 nec
1189 1187 1340 1222 addidit
1370 1186 1507 1223 ‘tuus'.
1538 1188 1562 1223 4
1591 1186 1810 1229 moraliter,
1841 1196 1934 1222 nam

303 1248 417 1284 deest
443 1248 581 1284 ‘tuus’.
666 1248 850 1283 Alterum
881 1257 929 1283 ex
961 1247 1102 1283 altero.

301 1309 325 1345 2
366 1319 458 1345 cum
501 1311 683 1345 extrema
721 1311 835 1353 parte
875 1309 1015 1344 scholii
1052 1309 1245 1352 longioris
1283 1319 1472 1354 compara
1511 1310 1587 1346 894
1627 1309 1670 1345 2;
1712 1309 1935 1344 maximum

304 1371 610 1407 delinimentum
661 1371 781 1406 infert
830 1381 923 1406 eum
969 1371 1132 1406 nomine
1174 1381 1336 1416 vocans,
1386 1372 1723 1415 quemadmodum
1768 1370 1934 1416 <in>

301 1433 598 1477 superioribus3
629 1435 669 1469 et
702 1433 788 1468 vide
818 1433 916 1469 Don.
945 1433 984 1468 in
1015 1432 1090 1469 894
1116 1432 1151 1469 3.
1236 1433 1295 1468 Ex
1320 1434 1476 1470 duobus
1500 1433 1692 1470 Donateis
1717 1434 1934 1469 conflatum

305 1495 465 1531 videtur
494 1494 570 1531 894
601 1495 682 1537 2¹).

303 1557 325 1593 3
368 1556 604 1592 insultantis
647 1557 710 1591 est
749 1557 917 1592 verbum
957 1556 1072 1592 ‘iube'
1111 1557 1181 1592 ott.
1226 1555 1250 1592 5
1287 1556 1402 1600 quasi
1430 1556 1506 1592 hoc
1534 1557 1662 1592 dicere
1690 1556 1938 1591 insultantes

307 1618 565 1654 solemus...
596 1618 764 1662 Reliqua
793 1617 995 1653 differunt.
1028 1617 1127 1653 Vide
1155 1619 1245 1653 adn.

307 1680 330 1716 2
372 1683 491 1724 recte,
535 1690 585 1715 ne
622 1682 764 1716 contra
800 1680 903 1715 filios
942 1681 1056 1724 pater
1095 1681 1266 1716 suadere
1306 1680 1502 1716 videatur.
1534 1681 1558 1715 4
1587 1689 1637 1716 ne
1666 1681 1808 1715 contra
1837 1679 1937 1714 filios

307 1744 421 1787 pater
456 1743 625 1778 suadere
662 1742 846 1778 videatur
883 1742 1060 1788 nuptias,
1098 1742 1133 1777 si
1170 1741 1247 1777 illis
1285 1742 1501 1778 coheredes
1539 1742 1807 1786 procreandos
1845 1750 1939 1777 esse

305 1804 488 1839 suadeat.
518 1803 617 1839 Vide
647 1804 740 1839 adn.

307 1865 331 1902 2
361 1864 499 1901 ‘aufer’
529 1865 591 1900 vel
620 1866 662 1919 te
691 1864 753 1900 vel
781 1874 962 1910 manum,
993 1875 1086 1900 nam
1107 1893 1113 1900 .
1133 1893 1167 1903 ..
1198 1864 1221 1901 3
1252 1865 1388 1901 ‘aufer‘
1419 1866 1490 1900 aut
1519 1866 1559 1900 te
1587 1867 1658 1899 aut
1687 1873 1867 1899 manum.

311 1927 330 1963 1
361 1937 411 1962 ne
440 1927 532 1971 quid
558 1928 753 1970 negatum
777 1926 816 1961 in
844 1926 922 1962 fine
946 1926 1103 1962 fabulae
1129 1927 1388 1964 videatur...
1413 1926 1610 1970 Compara
1625 1926 1829 1961 Donatum
1846 1925 1885 1960 in
1903 1925 1936 1960 3.

413 2001 687 2049 Accedunt
711 2012 909 2048 similia
937 2013 992 2048 ad
1023 2012 1166 2048 locos
1196 2012 1409 2057 longius
1439 2014 1688 2048 remotos:

305 2084 328 2121 3
360 2093 384 2118 a
425 2083 624 2127 significat
667 2082 773 2118 enim
817 2082 968 2118 seilicet
1008 2083 1194 2127 ‘uspiam'
1234 2083 1273 2118 et
1311 2083 1350 2118 in
1394 2082 1480 2118 loco
1519 2084 1559 2118 et
1588 2083 1636 2118 ad
1664 2081 1808 2117 locum.
1838 2080 1886 2117 37
1920 2081 1937 2115 1

306 2145 491 2189 ‘uspiam’
523 2147 563 2181 et
590 2145 630 2180 in
662 2145 746 2180 loco
775 2146 816 2180 et
843 2147 890 2180 ad
919 2145 1052 2181 locum
1084 2144 1299 2189 significat.
1331 2145 1430 2180 Vide
1458 2146 1549 2180 adn.
1579 2145 1625 2180 ad
1656 2154 1693 2178 v.
1724 2143 1786 2180 28-

305 2206 327 2243 8
373 2216 492 2242 omne
532 2207 636 2250 quod
676 2206 890 2249 sentimus,
914 2209 998 2244 ,aut
1037 2207 1265 2250 cogitamus
1295 2207 1366 2242 aut
1395 2206 1578 2241 dicimus.
1609 2204 1814 2249 Repetivit
1843 2204 1941 2239 haec

308 2266 428 2301 verba
455 2275 544 2301 cum
574 2267 759 2312 exemplo
791 2267 1020 2312 Vergiliano
1049 2268 1137 2312 ipse
1165 2268 1348 2303 Donatus
1379 2268 1428 2303 ad
1458 2267 1620 2303 Phorm.
1652 2266 1699 2303 12
1731 2266 1763 2301 1.

285 2327 332 2381 Ι2
369 2328 626 2365 ...clemens
665 2331 802 2365 autem
842 2330 906 2365 est
943 2330 1010 2374 qui
1048 2329 1142 2365 colit
1181 2331 1373 2366 mentem.
1403 2329 1481 2366 864
1510 2328 1535 2365 2
1563 2329 1739 2364 clemens
1769 2328 1844 2369 est,
1874 2326 1942 2369 qui

309 2389 402 2425 colit
426 2392 618 2437 mentem,
644 2401 693 2427 ne
719 2401 807 2427 eam
832 2394 976 2435 urgeat
1000 2392 1220 2428 irascendo.
1242 2391 1339 2427 Vide
1355 2392 1445 2427 adn.
1462 2392 1509 2427 ad
1527 2392 1780 2436 postremum
1797 2388 1940 2424 locum.

311 2451 330 2487 1
359 2451 498 2487 scholii
519 2453 680 2489 initium
706 2453 899 2497 repetivit
920 2453 1002 2488 fere
1026 2453 1112 2498 ipse
1138 2453 1322 2489 Donatus
1350 2454 1397 2488 ad
1421 2453 1517 2489 Hec.
1540 2452 1589 2489 94
1616 2452 1638 2488 3
1663 2453 1704 2487 et
1728 2450 1823 2485 Pho.
1841 2449 1887 2485 91
1906 2448 1940 2484 2.

313 2513 332 2549 1
373 2513 397 2550 2
434 2524 597 2558 pugnus
640 2525 662 2551 a
705 2525 841 2559 pugna
879 2515 1042 2559 dicitur;
1080 2525 1130 2550 an
1171 2516 1219 2551 ab
1257 2515 1323 2550 illo
1363 2516 1533 2559 pugna?
1633 2513 1742 2548 Haec
1779 2512 1943 2554 sumpta

314 2575 498 2610 videntur
527 2586 547 2611 e
577 2576 731 2611 Donato
761 2577 809 2611 ad
839 2575 935 2611 Hec.
965 2575 1014 2612 33
1045 2576 1081 2611 4.

312 2636 336 2670 4
366 2646 577 2672 ...coram
621 2639 668 2673 ad
712 2640 842 2673 certas
882 2647 1076 2682 personas
1115 2637 1301 2683 refertur,
1340 2637 1471 2682 palam
1509 2635 1750 2680 generaliter
1787 2634 1942 2670 dicitur.

314 2697 510 2742 Compara
548 2699 749 2734 Donatum
786 2700 834 2734 ad
865 2700 987 2735 Andr.
1017 2699 1093 2736 490
1125 2700 1168 2735 1:
1201 2708 1335 2734 coram
1364 2699 1413 2734 ad
1443 2699 1574 2734 certas
1604 2705 1800 2741 personas
1830 2695 1942 2730 refer-

313 2761 393 2804 tur,
422 2760 553 2804 palam
583 2761 631 2796 ad
660 2770 813 2796 omnes,

230 2940 252 2983 ¹)
278 2940 337 2975 Ad
372 2940 511 2976 Donati
544 2941 655 2976 verba
686 2941 749 2976 891
782 2941 821 2975 2:
856 2941 980 2975 ‘moris
1006 2942 1065 2976 est
1090 2942 1214 2975 autem
1240 2939 1436 2974 inferiores
1460 2938 1610 2983 proprio
1636 2936 1785 2970 nomine
1811 2947 1942 2969 vocare

184 2993 215 3027 si
242 2993 403 3028 blandiri
427 2993 544 3034 velis'‚
569 2994 695 3029 confer
713 2993 816 3029 Serv.
840 2994 887 3028 ad
914 2994 1010 3028 Aen.
1037 2993 1067 3027 1.
1090 2993 1150 3028 38:
1174 2993 1420 3027 ‘honorantur
1443 2991 1542 3025 enim
1571 2990 1735 3024 minores
1757 3001 1777 3022 a
1798 2986 1943 3021 maiori-

149 3076 153 3079 .
186 3046 254 3080 bus
280 3046 312 3080 si
337 3058 406 3081 suo
432 3047 585 3082 nomine
609 3046 749 3081 fuerint.
776 3042 986 3084 nominati'.
1010 3048 1050 3080 ut
1075 3047 1186 3088 (Aen.
1212 3046 1240 3079 1.
1265 3045 1322 3087 65)
1348 3044 1487 3083 utente,
1513 3054 1672 3085 namque
1698 3040 1779 3075 tibi’
1804 3042 1882 3079 ete;
1909 3042 1946 3073 et

188 3098 232 3133 cf.
256 3099 358 3134 Serv.
383 3099 430 3134 ad
455 3099 551 3134 Aen.
576 3099 606 3134 1.
628 3099 682 3134 76.
