2242 3443
120 336 196 373 944

119 725 195 762 945

118 1113 195 1150 946

120 1350 194 1386 947

122 1863 198 1899 948

58 1988 60 1990 ³
123 2014 198 2051 949

123 2547 200 2584 950

126 2850 199 2886 951

963 208 1039 244 111,

323 343 414 371 arsi
458 344 541 372 Hoc
584 343 685 371 MIHI
728 342 912 372 PRAVUM
956 331 1184 379 ‘pravum',
1220 333 1257 370 si
1290 342 1424 370 anum
1457 333 1584 372 ducet
1618 334 1734 372 nullo
1768 345 1878 372 com·

267 408 395 446 modo
434 419 525 456 suo,
561 408 786 456 ‘ineptum'
820 408 893 455 qui
925 417 1010 445 non
1045 411 1145 445 voto
1178 406 1367 445 filiorum
1402 408 1531 446 ducat
1565 419 1760 456 uxorem,
1798 409 1878 448 ‘ab-

265 484 463 522 surdum'
511 485 692 531 homini,
742 485 814 531 qui
856 493 1098 530 numquam
1142 483 1316 521 duxerit
1358 487 1403 523 et
1445 494 1686 532 numquam
1725 485 1880 523 ducere

261 559 462 607 voluerit,
491 559 837 608 <‘alienum'>
866 559 960 597 seni
989 559 1085 597 duci
1115 569 1313 607 uxorem,
1335 569 1445 606 quae
1464 559 1734 598 adulescenti
1754 561 1883 599 ducta

266 645 352 674 non
388 636 458 673 sit.

327 723 345 758 1
385 730 422 758 si
456 730 534 758 vos
566 729 819 758 TANTOPERE
851 729 974 757 1s‘rUO
1008 729 1163 757 VULTIS
1196 729 1295 757 FIAT
1331 729 1406 757 cur
1439 719 1508 757 hic
1542 729 1625 757 non
1660 721 1882 767 quaeritur

268 795 319 834 de
362 795 590 834 voluntate
629 795 885 834 Sostratae?
928 804 981 832 an
1025 796 1125 841 quia
1167 793 1289 832 illam
1325 796 1573 834 consentire
1607 805 1785 834 necesse
1817 799 1885 834 est

267 871 335 910 vel
382 873 555 919 propter
602 871 852 919 pauperiem
898 870 965 908 vel
1013 869 1064 908 Ob
1109 881 1303 908 amorem
1349 870 1463 909 filiae
1504 871 1641 909 suae?
1676 872 1698 909 2
1732 882 1770 909 si
1804 882 1879 910 vos

265 957 519 986 TANTOPERE
562 957 684 985 ISTUC
727 957 881 985 VUmis
925 958 1023 985 FIAT
1067 947 1249 984 ridicule
1281 947 1393 984 dixit
1426 950 1469 984 et
1502 948 1665 985 comice
1698 958 1879 986 uxorem

265 1034 313 1062 se
340 1024 508 1072 ducere,
538 1034 623 1062 non
651 1024 750 1071 quia
770 1024 874 1062 velit
893 1026 969 1061 aut
986 1023 1152 1071 debeat,
1173 1023 1246 1061 sed
1270 1026 1316 1061 ut
1333 1022 1597 1070 obsequatur
1615 1023 1879 1062 iubentibus.

323 1118 407 1147 Hoc
441 1117 592 1146 conrii*
625 1117 737 1152 QUOD
770 1118 878 1146 VOLo
912 1106 1146 1155 perficitur,
1180 1108 1333 1154 inquit,
1370 1107 1480 1155 quod
1516 1107 1625 1156 volo,
1662 1110 1710 1146 ut
1737 1118 1878 1156 sump-

265 1186 360 1223 tum
403 1187 447 1222 et
488 1183 663 1223 turbam
706 1184 885 1223 domum
931 1184 1113 1231 recipiat
1158 1183 1284 1222 Micio
1326 1185 1368 1221 et
1399 1194 1478 1231 ego
1511 1184 1654 1222 ineam
1690 1185 1880 1231 gratiam

267 1261 334 1305 (cf.
369 1261 486 1304 914).

332 1349 347 1383 1
398 1355 501 1390 QUID
545 1356 663 1384 NUNC
706 1355 819 1390 QUOD
864 1356 1027 1384 RESTAT
1069 1357 1143 1394 pro
1188 1346 1313 1394 ‘quod
1346 1346 1571 1394 sequitur’,
1608 1347 1630 1383 2
1665 1356 1719 1384 an
1756 1345 1880 1394 ‘quod

268 1423 420 1459 restat'
453 1424 680 1469 tamquam
715 1422 925 1469 reliquiae
952 1432 1098 1460 rerum
1127 1423 1316 1469 priorum
1349 1432 1398 1460 ac
1424 1432 1498 1469 per
1516 1422 1596 1460 hoc
1613 1423 1882 1460 minimum?

270 1498 294 1536 3
343 1507 476 1536 Hneio
518 1508 593 1536 Es'r
636 1508 710 1536 His
752 1508 978 1536 COGNATUS
1019 1508 1240 1537 PROXIMUS
1282 1497 1336 1541 (α)
1380 1493 1422 1549 [4
1466 1493 1534 1550 Et]
1576 1498 1682 1536 bene
1718 1498 1883 1537 addidit

271 1573 540 1622 ‘proximus’,
584 1584 685 1612 nam
729 1574 860 1612 multi
902 1574 1061 1622 gradus
1105 1576 1147 1612 et
1191 1575 1329 1612 veluti
1362 1574 1472 1612 rami
1505 1576 1607 1612 sunt
1639 1575 1881 1623 propinqui·

263 1650 368 1687 tatis
399 1650 445 1688 in
477 1649 689 1688 affinitate
723 1653 766 1688 et
798 1650 1061 1698 cognatione
1094 1651 1309 1698 dispositi.

436 1724 459 1760 3
493 1735 517 1759 α
545 1725 839 1760 commendatio
869 1734 1064 1768 personae
1093 1725 1209 1768 quasi
1237 1726 1360 1760 notae
1390 1725 1510 1760 etiam
1541 1724 1697 1760 Micioni
1726 1725 1774 1760 Ob
1805 1735 1882 1761 me-

386 1778 463 1814 rita
491 1788 576 1813 sua.

331 1862 348 1896 1
384 1869 559 1896 Affinis
591 1868 717 1897 noms
744 1862 873 1907 recte,
903 1869 1005 1897 nam
1035 1860 1184 1897 uxoris
1212 1860 1385 1906 cognati
1416 1858 1572 1898 affines
1591 1859 1748 1897 marito
1766 1861 1882 1897 sunt.

272 1935 296 1972 2
328 1944 502 1973 PAUPER
534 1936 620 1972 iam
657 1937 736 1973 noc
768 1936 945 1973 nomine
979 1937 1158 1983 apparet
1192 1934 1353 1982 aliquid
1386 1934 1590 1982 flagitari.

331 2013 349 2048 1
386 2019 498 2055 QUOD
532 2005 710 2049 LOOiTAs
736 2020 873 2049 FORAS
901 2011 1048 2049 ‘foras’
1078 2011 1188 2049 dixit
1214 2011 1359 2049 locum
1387 2020 1463 2058 pro
1491 2020 1678 2058 persona
1703 2020 1881 2058 ponens,

268 2086 392 2133 quasi
424 2086 586 2124 diceret
620 2087 779 2125 ‘nescio
813 2087 881 2124 cui
915 2087 1084 2134 alieno’,
1120 2086 1182 2124 sic
1214 2088 1255 2124 et
1287 2096 1366 2124 nos
1398 2086 1585 2124 dicimus
1619 2086 1754 2124 ‘audi:
1782 2086 1883 2133 quid

267 2162 373 2200 dicit
414 2171 513 2200 ecce
555 2163 682 2200 hac?’
724 2172 799 2210 pro
843 2172 941 2200 ecce
975 2162 1056 2210 hic,
1092 2164 1134 2201 et
1167 2161 1317 2201 Cicero
1351 2161 1484 2208 (Verr.
1506 2163 1544 2200 2.
1565 2163 1633 2201 66)
1671 2161 1753 2200 ‘hic
1787 2164 1880 2200 tum

269 2237 381 2276 alius
425 2248 478 2276 ex
522 2239 608 2277 alia
650 2240 802 2287 parte'.
845 2243 899 2283 (a)
942 2240 964 2276 2
1011 2241 1098 2277 Aut
1139 2239 1177 2276 si
1220 2238 1353 2276 ‘foris’
1396 2238 1500 2276 foris
1541 2238 1696 2285 posito,
1742 2238 1782 2275 id
1816 2238 1883 2275 est

268 2313 427 2353 alieno.
461 2315 486 2352 3
519 2324 602 2353 SUB
632 2325 747 2353 URBE
779 2325 855 2353 EST
887 2325 1046 2353 AGELLI
1079 2324 1322 2353 PAULULUM
1355 2316 1499 2352 totum
1533 2323 1632 2352 cum
1662 2314 1878 2360 contemp·

268 2381 388 2428 tione
421 2391 809 2438 pronuntiandum.

445 2464 463 2499 1
496 2475 518 2498 α
547 2465 661 2503 deest
690 2475 785 2509 ergo
814 2465 972 2509 aliquid,
1002 2467 1046 2500 ut
1076 2466 1149 2501 sit:
1180 2465 1284 2509 quod
1313 2464 1453 2500 locitas
1482 2464 1588 2499 foras
1618 2472 1794 2498 versum.

331 2545 349 2582 1
396 2555 502 2583 HUIG
543 2555 688 2584 DEMUS
731 2554 804 2590 QUI
836 2555 1043 2584 FRUATUR
1075 2545 1116 2583 id
1150 2547 1238 2583 est:
1273 2545 1347 2592 qui
1378 2544 1570 2583 fructum
1606 2543 1760 2590 capiat,
1796 2552 1880 2580 non

270 2620 536 2669 proprietate
577 2621 794 2669 potiatur;
837 2621 1006 2669 proprie
1039 2631 1141 2669 ergo
1175 2622 1218 2659 et
1247 2620 1372 2668 quasi
1405 2620 1456 2658 de
1487 2619 1579 2657 iure
1611 2618 1722 2656 dixit
1755 2618 1879 2656 ‘frua-

272 2695 372 2734 tur’.
421 2697 444 2733 2
495 2696 711 2734 ‘Fruatur'
759 2698 909 2735 autem
957 2697 1024 2735 est
1067 2695 1275 2743 alatur,
1319 2695 1419 2743 quia
1461 2694 1679 2732 frumen
1723 2693 1882 2732 dicitur

272 2781 447 2810 summa
479 2772 594 2820 gula,
628 2783 703 2821 per
735 2783 865 2820 quam
899 2771 1043 2812 cibum
1077 2773 1229 2820 lingua
1260 2772 1455 2810 demittit
1487 2771 1529 2809 in
1563 2771 1776 2808 ventrem.

333 2848 353 2884 1
398 2857 538 2886 BONUS
579 2857 654 2886 EST
697 2857 861 2886 NOSTER
892 2858 967 2886 nsi:
1000 2858 1134 2886 REczrn
1166 2857 1314 2886 DATUR
1347 2845 1630 2895 ἐπιτροχασμός
1664 2843 1880 2883 hortantis

272 2924 315 2960 et
346 2920 565 2961 ἀσύνδετον
593 2916 734 2961 multa
761 2925 1051 2972 congerentis.
1081 2925 1105 2962 2
1134 2933 1299 2962 NOSTER
1324 2932 1399 2960 ns'r
1427 2921 1535 2960 bene
1562 2919 1740 2968 addidit,
1759 2928 1879 2957 nam-

275 3006 356 3047 que
387 2998 500 3036 dixit
532 2997 622 3047 ‘pro
653 3001 776 3047 patre
807 2998 909 3037 huic
940 3001 1035 3037 est'.
1065 3000 1090 3037 4
1118 3009 1252 3037 mecm
1279 3007 1428 3036 DATUR
1453 2996 1577 3044 quasi
1603 3005 1688 3034 non
1705 3004 1880 3042 quaera-

278 3074 363 3125 tur,
412 3083 466 3112 an
513 3074 704 3112 dandum
753 3074 832 3122 sit,
876 3074 950 3113 sed
995 3074 1101 3112 illud
1143 3074 1303 3121 solum,
1347 3083 1401 3111 an
1433 3074 1601 3119 recte,
1634 3072 1879 3117 quaeratur.
