2242 3443
1181 235 1205 272 2

309 365 333 400 3
458 362 474 398 1
522 370 683 398 popum
720 371 774 398 UT
810 368 1063 397 PLACERENT
1100 357 1175 396 ‘ut'
1210 368 1263 397 ne
1297 367 1382 396 non
1417 356 1649 405 significat.
1684 362 1737 402 (α)
1773 358 1797 396 2
1830 367 1886 396 UT
1920 367 2074 396 FLAGE-

399 447 508 474 mer
551 446 663 480 QUAS
707 446 903 474 rnorssm
948 445 1160 472 FABULAS.
1201 434 1253 472 ad
1293 433 1502 472 ‘fecisset'
1536 433 1710 472 rettulit
1743 433 1960 486 ‘fabulas’,
1991 443 2077 472 non

398 513 447 550 ad
482 513 752 560 ‘place1·ent';
787 517 828 550 et
861 516 927 550 est
958 510 1098 559 figura
1125 510 1365 560 σύλλημψις.
1395 511 1419 548 3
1448 520 1560 555 QUAS
1583 521 1621 549 F.
1649 521 1686 549 F.
1715 510 1824 549 bene
1853 508 2074 566 ‘fecisset’‚

397 589 453 630 (α)
498 588 608 626 unde
643 590 684 626 et
717 592 867 636 poetae
901 598 925 625 a
957 586 1154 625 faciendo
1188 587 1292 625 dicti
1326 589 1442 635 sunt,
1477 585 1555 625 ἀπὸ
1588 592 1658 624 τοῦ
1691 589 1835 624 ποιεῖν.
1873 586 1942 625 Sic
1973 585 2074 625 Ver·

395 663 524 711 gilius
557 663 708 701 ‘Pollio
742 667 785 701 et
817 664 909 712 ipse
942 663 1047 701 facit
1083 672 1198 701 nova
1231 662 1442 701 carmina'
1476 662 1578 701 (Ecl.
1613 663 1652 701 3.
1687 658 1771 708 86).

576 739 591 772 1
624 749 647 771 α
679 738 795 773 modo
831 737 936 772 enim
968 739 1030 773 est
1059 737 1300 772 coniunctio.
1329 737 1354 772 3
1386 747 1408 770 α
1438 747 1517 773 non
1548 736 1792 781 scripsisset.

308 831 332 866 4
457 829 474 864 1
511 836 659 865 VERUM
694 835 851 864 ALITER
884 826 946 863 sic
981 825 1197 873 Vergilius
1233 824 1387 864 ‘maior
1414 825 1523 863 mihi
1554 835 1700 864 rerum
1728 825 1923 863 nascitur
1950 824 2073 873 ordo,

396 913 455 941 m.
489 913 526 941 o.
563 904 634 941 ms
664 904 784 942 (Aen.
822 903 857 940 7.
893 903 975 949 44),
1011 912 1094 940 non
1130 902 1247 940 enim
1282 902 1364 940 hoo
1397 901 1582 949 elegisse
1614 911 1662 940 se
1693 901 1814 950 dicit,
1848 901 1923 940 sed
1951 901 2076 949 quasi

397 989 451 1017 ex
503 979 653 1017 ordine
700 979 793 1026 ipso
842 980 994 1016 natum
1039 978 1122 1016 sibi
1166 988 1276 1026 esse,
1322 978 1345 1015 2
1390 981 1443 1023 (α)
1486 977 1635 1016 ‘aliter’
1682 979 1828 1016 autem
1880 979 2079 1016 contra

398 1053 633 1103 significat,
683 1056 730 1092 ut
779 1054 858 1092 ‘dis
899 1054 1025 1092 aliter
1067 1054 1227 1092 visum’
1270 1055 1391 1096 (Aen.
1436 1055 1476 1093 2.
1518 1055 1632 1096 428).
1676 1056 1700 1093 3
1733 1064 1884 1093 VERUM
1915 1063 2077 1093 ALi'er

397 1141 584 1169 RVENIRE
627 1141 672 1168 M.
714 1140 741 1168 1.
787 1129 892 1168 adeo
932 1140 1010 1168 nec
1043 1132 1384 1179 praeparaverat
1417 1141 1496 1169 nec
1528 1131 1778 1169 intenderat
1808 1140 2073 1178 quemquam

399 1207 587 1254 laedere,
622 1210 670 1244 ut
701 1217 777 1255 spe
810 1207 949 1245 falsus
982 1207 1304 1256 lacessitusque
1337 1208 1418 1247 hoc
1449 1208 1596 1246 faciat.

578 1282 598 1316 2
619 1279 644 1318 ¹)
671 1292 693 1316 α
719 1280 740 1301 *
767 1291 1000 1317 mmmmm
1024 1283 1128 1326 quod
1153 1292 1202 1318 or
1218 1283 1413 1318 edimus
1435 1282 1669 1327 plerumque
1691 1281 1839 1318 falsum
1864 1283 1946 1328 est,
1970 1282 2074 1326 quod

523 1335 884 1379 intellegimus
918 1338 1073 1372 certum
1102 1338 1178 1372 est.

310 1429 333 1463 5
467 1433 607 1462 OPERA
635 1433 859 1462 ABUTITUR
878 1424 1103 1463 'utimur
1130 1425 1349 1464 fructibus
1376 1425 1458 1472 rei,
1487 1434 1597 1473 quae
1625 1423 1880 1463 amantibus
1902 1420 1936 1474 2)
1953 1423 2078 1464 salvo

397 1509 479 1538 usu
511 1499 635 1538 nobis
661 1500 1048 1549 subministratur,
1077 1500 1383 1551 abutimur,
1412 1501 1584 1550 quando
1614 1500 1894 1550 deperdimus
1920 1502 1965 1539 et
1981 1509 2073 1539 rem

399 1577 443 1613 et
483 1575 697 1614 fructum:
741 1587 845 1615 nam
890 1577 1017 1615 usui
1049 1579 1116 1616 est
1158 1588 1261 1626 ager
1292 1578 1468 1628 domus,
1505 1577 1707 1617 abusui
1739 1576 1886 1616 oleum
1917 1577 2072 1616 vinum

400 1652 444 1689 et
485 1652 629 1690 cetera
670 1653 899 1691 eiusmodi.
943 1652 1090 1693 Cicero
1131 1655 1231 1693 ‘non
1264 1654 1404 1704 debet,
1438 1654 1598 1703 inquit,
1619 1664 1670 1693 ea
1700 1652 1871 1702 mulier,
1905 1653 1974 1692 cui
2004 1653 2072 1692 vir

397 1725 609 1765 bonorum
657 1737 836 1766 suorum
883 1739 1011 1768 usum
1060 1730 1255 1769 fructum
1303 1730 1488 1780 legavit,
1533 1729 1655 1769 cellis
1702 1729 1884 1768 vinariis
1929 1729 2071 1778 plenis

398 1801 563 1840 relictis
595 1805 748 1851 putare
779 1805 821 1842 id
856 1805 907 1844 ad
940 1816 986 1844 se
1019 1807 1260 1855 pertinere:
1295 1816 1403 1846 usus
1429 1807 1568 1855 enim,
1597 1815 1683 1845 non
1711 1805 1875 1844 abusus
1899 1804 2072 1853 legatus

398 1881 487 1927 est;
531 1889 581 1918 ea
622 1883 724 1919 sunt
766 1882 878 1921 inter
916 1893 962 1921 se
995 1884 1241 1923 eontraria'.
1276 1883 1371 1923 Hoc
1402 1883 1446 1922 in
1479 1882 1652 1931 Topicis
1685 1883 1739 1926 (3.
1772 1882 1840 1924 17)
1865 1874 2068 1920 habetur.

307 1978 331 2011 6
456 1974 475 2010 1
510 1982 597 2011 NON
629 1982 702 2018 QUI
734 1984 1040 2015 ARGUMENTUM
1072 1986 1248 2015 NARRET
1281 1977 1395 2025 quod
1427 1987 1528 2016 vere
1562 1975 1728 2024 prologi
1760 1976 1828 2014 est
1860 1974 2066 2015 officium.

399 2048 423 2085 2
457 2056 531 2092 Qur
562 2058 638 2096 pro
670 2051 734 2096 ut.
765 2050 817 2092 (α)

577 2122 598 2156 2
637 2133 659 2154 α
696 2123 798 2167 Ergo
839 2133 915 2159 non
950 2128 1013 2161 est
1051 2127 1170 2162 modo
1208 2136 1444 2171 pronomen.
1484 2127 1508 2162 3
1538 2135 1611 2162 sno
1641 2135 1708 2168 Qm
1737 2134 1939 2160 MALEVOLI
1969 2135 2003 2162 v.
2031 2136 2068 2161 Ρ.

521 2176 695 2219 primum
725 2187 748 2212 a
771 2179 916 2214 natura
943 2180 1168 2226 ‘malevoli'‚
1189 2182 1279 2217 dein
1306 2191 1328 2217 a
1351 2183 1535 2226 tempore
1556 2180 1618 2217 vel
1640 2181 1687 2215 ab
1711 2179 1862 2216 invidia
1877 2180 2068 2224 ‘veteris’‚

521 2240 544 2264 a
566 2231 682 2274 signo
711 2232 994 2269 aemulationis
1025 2235 1207 2278 ‘poetae'.

308 2332 327 2367 7
458 2318 477 2354 1
515 2316 693 2357 Vetus
730 2319 986 2368 plerumque
1014 2323 1201 2362 refertur
1244 2323 1298 2361 ad
1339 2323 1531 2371 laudem,
1564 2322 1783 2360 interdum
1819 2321 1871 2360 ad
1905 2321 2069 2371 vitupe-

419 2393 657 2442 rationem,
702 2397 751 2433 ut
792 2396 859 2434 hic
905 2399 948 2435 et
991 2398 1091 2436 alibi
1137 2398 1279 2437 ‘vetus
1316 2400 1580 2438 veternosus
1613 2398 1763 2436 senex’
1796 2396 1918 2442 (Eun.
1953 2398 2068 2441 688).

420 2471 445 2507 6
489 2479 668 2508 varenis
701 2480 866 2510 POETAE
900 2482 945 2510 M.
977 2482 1019 2511 R.
1053 2474 1154 2521 quia
1186 2484 1323 2513 senex
1356 2474 1542 2513 Luscius
1575 2472 1731 2512 edebat
1762 2473 1933 2512 fabulas
1967 2474 2070 2513 adu-

421 2543 663 2584 lescentulo
705 2547 808 2586 tuno
849 2547 1064 2588 Terentio.
1110 2551 1132 2588 7
1178 2550 1228 2588 Et
1274 2551 1497 2599 eleganter
1541 2549 1762 2588 ‘malevoli
1805 2549 2068 2589 maledictis’

425 2620 622 2666 [veteris]
647 2617 690 2664 ³).
724 2624 777 2664 (a)

350 2732 372 2774 ¹)
409 2730 562 2766 Scholia
592 2732 775 2767 asterisco
808 2736 939 2769 notata
964 2735 1132 2771 eiusdem
1164 2736 1394 2772 scholiastae
1420 2749 1505 2772 esse
1527 2736 1714 2781 videntur,
1740 2748 1761 2771 a
1797 2736 1955 2781 reliquis
1987 2749 2064 2772 non

306 2785 429 2820 minus
461 2796 571 2829 quam
605 2797 625 2819 a
660 2785 808 2821 Donato
841 2787 990 2826 diversi,
1015 2788 1090 2823 illis
1116 2801 1208 2824 sane
1233 2789 1422 2830 doctioris,
1448 2789 1515 2825 sed
1539 2789 1644 2825 iuxta
1670 2789 1769 2824 hunc
1795 2789 1910 2825 nimis
1933 2789 2061 2826 callidi

305 2840 341 2872 et
366 2838 516 2881 sagacis
541 2840 577 2872 et
604 2838 774 2882 specioso
799 2839 910 2874 docti.
937 2840 989 2875 Cf.
1018 2841 1130 2876 etiam
1156 2842 1242 2876 adn.
1267 2843 1313 2877 ad
1341 2842 1374 2877 8.
1398 2842 1430 2877 3.

351 2892 376 2934 ²)
412 2890 582 2925 Rabbow
612 2896 650 2925 et
680 2890 848 2926 schoell:
880 2896 923 2926 “a
955 2893 1190 2940 mancipibus
1214 2894 1320 2929 salva
1345 2894 1469 2937 οὐδίᾳ”.
1494 2894 1788 2938 Legendumne:
1811 2898 1857 2930 “a
1880 2895 2060 2931 maiori-

304 2944 389 2978 bus
413 2943 542 2978 salva
576 2943 679 2979 usui
715 2956 750 2977 n.
783 2943 852 2977 s.’‘?
881 2944 917 2979 id
953 2947 1026 2980 est:
1063 2946 1149 2981 inde
1180 2961 1201 2981 a
1227 2948 1434 2983 maioribus
1459 2947 1612 2983 deorum
1637 2947 1874 2991 benignitate
1897 2950 2061 2983 servata.

304 2996 357 3032 Cf.
387 2996 465 3031 cat.
488 3009 515 3031 r.
539 3009 565 3030 r.
592 2996 666 3031 141.
690 2996 729 3030 3:
755 2996 868 3032 ‘Mars
892 2999 1009 3042 pater,
1034 3000 1070 3033 te
1095 3012 1245 3043 precor.
1262 3026 1291 3034 ..
1307 3005 1480 3046 pastores
1500 3012 1693 3045 pecuaque
1716 2999 1823 3035 salva
1848 3001 2059 3042 sewassis',

303 3048 451 3093 aliaque
476 3049 624 3083 similia.

348 3101 373 3145 ³)
399 3101 514 3135 Uncis
537 3101 684 3140 inclusi,
710 3101 897 3145 elegantia
921 3103 967 3137 ad
992 3103 1061 3137 hoc
1085 3104 1311 3140 adiectivum
1337 3118 1411 3140 non
1434 3106 1592 3150 spectat.
