2242 3443
345 596 423 631 550

349 832 426 869 549

351 1056 427 1091 550

351 1283 425 1318 551

355 1734 432 1771 552

355 1963 432 1999 558

356 2115 433 2150 554

357 2489 434 2525 555

1194 168 1275 206 176

492 293 616 330 cuius
647 292 877 330 occasione
910 292 1235 341 spectatoribus
1262 295 1387 341 gesta
1415 292 1717 330 narrabantur.
1748 294 1772 329 2
1797 301 1890 330 Num
1920 301 2017 336 Quis
2039 302 2113 331 Hic

495 379 569 406 Es‘r
613 377 729 406 NEMo
773 379 848 406 EST
893 378 984 406 NUM
1023 379 1120 413 Quis
1155 379 1227 406 Hic
1262 379 1318 406 ΜΕ
1351 378 1565 413 snourrua
1597 367 1680 406 duo
1717 368 1896 406 metuit:
1931 377 1984 406 ne
2016 368 2112 415 quis

488 454 542 482 ex
587 444 654 481 his
677 439 702 482 ¹)
734 443 891 482 obvius
923 444 1263 492 comprehensor
1295 445 1495 483 occurrat
1527 446 1571 482 et
1603 454 1656 482 ne
1688 444 1786 492 quis
1819 445 1886 482 sui
1919 453 2114 492 persecu-

495 523 562 558 tor
596 520 801 558 exsistat.

668 594 683 628 1
726 603 853 629 [AMNE
892 604 1107 630 ERUMPERE
1147 605 1223 631 Hoc
1253 605 1344 630 mm
1374 604 1484 630 moer
1513 604 1702 630 GAUDmM
1734 594 1969 639 ‘erumpere’
1999 593 2114 638 quasi

615 648 792 683 activum
833 650 999 684 verbum
1038 650 1174 693 posuit
1213 659 1283 694 pro
1323 649 1512 693 neutrali,
1551 652 1596 684 ut
1630 649 1702 684 sit:
1735 648 1828 684 licet
1856 648 1954 684 mihi
1982 657 2114 684 erum-

615 712 707 746 pere
745 702 819 737 hoo
848 704 1071 746 gaudium?
1110 713 1199 738 oum
1240 704 1293 739 sit
1333 703 1568 747 ‘erumpere’
1600 703 1715 746 quasi
1744 703 1892 739 exire
1921 703 1962 739 et
1989 701 2115 737 ‘mihi’

616 765 687 800 pro
718 765 740 791 a
769 766 854 791 me.

556 828 581 866 3
624 838 740 866 NEMO
784 838 903 867 Homo
936 838 1012 866 EST
1044 828 1250 876 quamvis
1285 827 1441 867 ‘nemo’
1475 827 1600 875 <ne
1635 827 1857 876 homo>
1888 827 2115 875 intellega-

498 911 588 953 tur,
621 906 770 942 tamen
805 905 964 943 ‘homo'
999 905 1180 953 addidit,
1217 908 1264 943 ut
1297 907 1470 943 veteres
1502 904 1658 943 solent.
1693 907 1748 948 (a)

671 989 695 1013 a
723 982 777 1022 τῷ
807 980 1013 1023 ἀρχαϊσμῷ.

556 1050 580 1088 2
609 1059 840 1088 ERUMPERE
869 1052 1016 1089 utrum
1045 1050 1304 1100 ‘erumpere’
1333 1061 1407 1100 pro
1434 1051 1701 1089 emittere
1727 1050 1873 1099 posuit
1888 1059 1942 1088 an
1963 1048 2116 1089 ‘erum-
2171 1065 2176 1068 >
2206 1057 2212 1084 ἰ

500 1126 614 1174 pere'
657 1136 734 1175 pro
777 1126 1121 1175 exclamare,
1166 1129 1213 1166 ut
1256 1137 1458 1175 rumpere
1494 1137 1645 1166 vocem
1680 1127 1840 1165 dicitur
1871 1126 1946 1174 qui
1979 1125 2119 1165 excla-

500 1202 624 1240 mat?
657 1211 761 1240 nam
796 1201 888 1250 ‘pro
920 1203 1130 1251 Iuppiter'
1163 1203 1363 1242 dicturus
1396 1206 1478 1242 est.

562 1279 581 1315 1
626 1287 744 1316 NUNc
787 1288 862 1316 EST
903 1288 1118 1318 Paornoro
1150 1279 1254 1318 ordo
1287 1282 1330 1318 et
1362 1289 1520 1318 sensus
1553 1280 1623 1318 hic
1655 1282 1746 1318 est:
1780 1289 1896 1318 nunc
1927 1280 1996 1318 est
2028 1289 2118 1327 pro-

501 1353 614 1393 fecto
646 1357 824 1402 tempus
856 1364 956 1393 oum
990 1355 1157 1404 perpeti
1189 1366 1369 1404 possum
1404 1365 1476 1394 me
1509 1355 1718 1403 interfici;
1752 1356 1833 1395 hoc
1865 1357 2014 1394 autern
2047 1365 2122 1393 cur

503 1430 681 1479 dixerit,
725 1431 818 1478 ipse
860 1432 1014 1470 statim
1049 1432 1210 1471 subicit
1242 1442 1435 1471 causam.
1471 1433 1494 1470 2
1529 1443 1618 1471 CUM
1652 1442 1832 1470 PERPETI
1864 1442 1924 1471 ME
1955 1441 2119 1470 Possum

503 1506 945 1545 animadvertendum
995 1508 1107 1555 quod
1158 1508 1286 1547 ‘cum’
1328 1509 1365 1547 si
1409 1510 1641 1547 coniuncte
1683 1508 1862 1558 legeris,
1904 1508 2121 1556 quando

502 1581 740 1632 significat,
775 1584 813 1622 si
847 1585 1106 1634 separatim,
1143 1584 1272 1625 ‘cum’
1306 1586 1429 1624 dum
1462 1584 1694 1634 significat.

675 1658 697 1693 3
724 1668 833 1694 NUNC
849 1668 920 1694 EST
935 1669 1135 1696 PROFEc'ro
1151 1660 1340 1705 figurate,
1359 1670 1404 1696 ac
1419 1660 1632 1697 coniuncte
1647 1660 1736 1705 lege
1751 1660 1838 1696 sine
1853 1659 2121 1695 distinctione.

563 1739 840 1769 οοΝΤΑΜΙΝΕΤ
883 1742 987 1770 v1TA
1028 1742 1327 1771 AEGRITUDINE
1365 1741 1532 1777 ALIQUA
1565 1732 1677 1771 mire
1709 1732 1827 1771 vitae
1860 1731 2026 1771 crimen
2057 1740 2119 1770 os-

502 1806 662 1855 tendit,
709 1807 830 1846 velut
870 1808 966 1856 ipsa
1005 1809 1065 1847 sit
1106 1819 1289 1857 campus
1330 1808 1530 1847 fortunae
1563 1808 1871 1858 possessioque
1903 1807 2123 1846 instabilis

504 1882 742 1922 variorum.
1826 1868 1830 1869 ⁷

559 1968 638 1997 sno
670 1969 931 1998 NEMINEMNE
964 1970 1186 1999 comostm
1213 1971 1506 2000 INTERVENIRE
1533 1972 1650 2000 NUNC
1678 1972 1779 2000 MIHI
1807 1963 2044 2011 apparatus
2069 1960 2121 2000 ad

504 2035 800 2074 intentionem
834 2036 1008 2075 futurae
1041 2037 1305 2076 narrationis
1336 2038 1508 2077 dicitur.

567 2111 585 2148 1
621 2100 698 2156 Qm'
727 2121 786 2149 ME
819 2122 1051 2157 SEQUATUR
1078 2113 1118 2152 id
1153 2113 1273 2162 cupit
1299 2114 1515 2162 gaudens,
1545 2114 1658 2162 quod
1688 2114 1787 2152 aliis
1812 2114 2016 2154 tristibus
2033 2124 2106 2154 mo

504 2185 667 2225 lestum
702 2188 791 2235 est;
827 2198 927 2226 nam
963 2191 1116 2228 contra
1147 2189 1430 2229 Menedemus
1463 2190 1636 2232 (Heaut.
1666 2191 1684 2228 I
1721 2193 1758 2236 1)
1790 2192 1997 2238 gravatur
2028 2201 2121 2230 nar-

505 2273 603 2301 rare
635 2273 746 2311 quae
779 2263 911 2303 dolet.
947 2265 971 2302 2
1006 2276 1238 2304 OBTUNDAT
1271 2266 1420 2306 odiose
1452 2267 1590 2306 instet
1621 2277 1671 2306 ao
1703 2270 1881 2316 repetet.
1917 2269 1943 2306 4
1970 2277 2123 2306 amem

505 2336 781 2390 εὐφωνότερον
813 2350 945 2388 quam
980 2340 1173 2381 ‘enecet’.
1603 2345 1606 2346 ’

679 2412 702 2448 3
731 2423 946 2450 OBTUNDAT
975 2415 1174 2451 molestus
1204 2418 1244 2452 et
1275 2416 1439 2453 odiosus
1469 2417 1531 2452 sit.

564 2485 588 2523 3
633 2494 813 2523 ensrinn
856 2488 924 2524 est
963 2496 1144 2526 sensum
1189 2488 1380 2536 eorporis
1420 2490 1544 2537 gestu
1588 2490 1801 2539 indicare,
1835 2489 1948 2539 quod
1980 2488 2150 2543 magis>

507 2561 766 2599 animalium
809 2563 878 2600 est
918 2564 1164 2610 mutorum;
1199 2563 1418 2612 Vergilius
1452 2565 1510 2603 ‘et
1540 2565 1684 2604 studio
1716 2566 1940 2605 incassum
1975 2565 2124 2604 videas

507 2637 669 2684 gestire
712 2636 902 2675 lavandi'
943 2637 1033 2679 (Ge.
1081 2641 1117 2678 1.
1157 2639 1270 2681 386).
1305 2641 1331 2678 4
1365 2640 1418 2679 Et
1450 2650 1553 2686 QUID
1585 2646 1762 2691 propter
1793 2628 1911 2691 quid.
1945 2642 1971 2682 5
2003 2650 2120 2681 UNDE

507 2721 720 2750 EMERGAM
752 2713 924 2761 proprie
957 2714 1070 2752 dixit
1103 2713 1356 2763 ‘emergam’
1386 2718 1434 2754 ut
1458 2727 1514 2755 ex
1540 2717 1696 2757 lustris
1719 2720 1850 2767 atque
1877 2717 2120 2757 inhonestis

507 2787 616 2825 locis
650 2789 799 2836 utpote
827 2789 1101 2828 meretriciae
1128 2790 1307 2838 domus;
1337 2790 1485 2830 Cicero
1514 2792 1574 2831 ‘at
1599 2803 1652 2832 ne
1678 2795 1772 2832 tum
1796 2794 1972 2842 quidem
1990 2803 2122 2832 emer-

507 2863 626 2912 sisti,
660 2863 893 2913 lutulente,
928 2874 1112 2915 quaeso,
1147 2876 1202 2905 ex
1234 2869 1416 2906 naturae
1447 2870 1550 2907 tuae
1580 2869 1794 2908 sordibus’
1828 2870 1885 2909 (in
1916 2869 2002 2908 Pis.
2036 2868 2118 2910 27).

408 3033 433 3074 ¹)
457 3032 727 3075 corrigendum
755 3032 902 3067 videtur
926 3037 985 3068 ‘ne
1009 3035 1095 3078 quis
1120 3035 1295 3070 exeuntia
