2242 3443
300 229 524 278 AQELr‘Hoss
1149 223 1205 261 38

295 650 368 686 291

295 1106 369 1142 292

295 1335 371 1371 293

295 1412 371 1450 294

296 1717 368 1754 291

297 2362 373 2399 292

297 2591 374 2627 296

443 344 567 383 docte
601 345 683 383 duo
717 347 960 394 proposuit,
994 347 1152 394 quibus
1186 348 1468 397 experientes
1503 347 1782 394 scientesque
1814 357 1960 386 rerum
1995 358 2062 387 su—

446 429 562 458 mus:
594 421 787 460 videre
814 425 857 461 et
886 423 1020 471 pati,
1051 423 1114 462 sic
1143 422 1362 471 Vergilius
1388 423 1566 462 (Aen.2.
1584 418 1627 468 5)
1655 421 1869 471 ‘quaeque
1897 424 1924 462 i.
1944 434 2004 463 m.
2023 434 2064 464 u.

444 499 487 533 et
529 506 567 543 q.
598 507 635 545 p.
666 508 723 536 m.
759 499 923 546 <s.>’
968 499 1092 538 ‘tute‘
1136 503 1285 539 autem
1327 511 1403 549 pro
1446 503 1491 539 tu
1535 498 1731 549 παρέλκον
1763 501 1849 548 est,
1881 501 1994 548 quod
2026 501 2064 539 si

442 572 676 612 reiteratur
715 571 762 620 ¹),
798 575 903 613 facit
935 577 1057 614 tute
1091 578 1135 614 et
1168 579 1414 615 tutemet
1447 579 1491 615 et
1523 577 1768 615 tutemet
1799 575 1934 624 ipse.

506 649 522 685 1
559 659 694 687 soma
723 660 865 689 surius
893 662 991 690 curn
1022 652 1102 690 hoc
1130 662 1291 691 nomen
1319 652 1646 701 singularitatis
1674 652 1748 700 sit,
1778 652 1889 690 mire
1917 650 2064 690 ‘solae'

446 723 668 771 pluraliter
700 726 824 765 dixit.
861 728 884 765 2
919 737 1118 766 NEMINEM
1151 739 1300 770 ΗΑΒΕΟ
1329 739 1465 768 SOLAE
1497 739 1641 767 smnus
1669 738 1783 767 GETA
1813 737 1963 766 AUTEM
1990 737 2065 766 Hic

445 809 527 837 NON
571 811 708 840 Anssr
752 803 1026 842 muliebriter
1066 805 1264 852 queritur
1296 807 1340 844 et
1373 815 1424 843 ex
1462 804 1795 852 perturbatione
1828 813 1909 842 sua
1939 803 2064 842 aesti-

445 884 572 913 mans
615 879 736 915 metu
785 878 927 917 multa
964 879 1068 918 facit
1111 889 1182 928 ea,
1227 890 1338 928 quae
1382 890 1521 929 pauca
1554 882 1672 919 sunt.
1707 880 1731 919 3
1767 889 1882 919 ena-A
1913 888 2065 918 AUTEM

445 960 516 989 Hic
560 962 644 990 NON
693 964 831 992 Aoescr
872 955 943 994 hic
986 957 1212 1005 apparatio
1255 959 1343 1006 est,
1387 960 1436 996 ut
1477 956 1737 996 ostendatur
1769 955 1950 1005 absens,
1991 955 2065 1004 qui

442 1031 790 1075 superventurus
823 1033 903 1071 est.

505 1105 517 1141 1
558 1115 638 1144 NEC
671 1116 790 1152 QUEM
822 1119 881 1146 AD
915 1118 1210 1148 osssrnrmcsiu
1242 1120 1414 1148 MITTAM
1441 1110 1566 1149 deest
1593 1109 1761 1149 ‘habeo’
1791 1108 1868 1148 sed
1896 1108 1940 1147 in
1967 1117 2064 1147 con-

442 1181 674 1221 suetudine
717 1186 785 1222 est
826 1184 889 1223 sic
927 1184 1063 1237 loqui,
1098 1195 1196 1224 oum
1231 1188 1468 1234 utrumque
1501 1186 1647 1233 nobis,
1682 1195 1766 1224 non
1801 1183 2062 1223 alterutrum

443 1256 596 1296 deesse
628 1261 952 1308 conquerimur.

500 1344 720 1379 NUMQUAM
752 1347 827 1385 pro
860 1347 961 1376 non.

504 1411 522 1448 1
555 1409 605 1448 Ec
634 1410 834 1461 ‘semper’
873 1423 960 1452 non
996 1414 1049 1453 ad
1087 1425 1217 1454 omne
1250 1418 1428 1465 tempus
1461 1416 1633 1455 rettulit
1665 1437 1718 1444 -
1753 1425 1857 1454 nam
1889 1414 1963 1463 qui
1995 1424 2063 1463 po-

441 1487 557 1525 test?
605 1509 660 1515 —
708 1489 783 1528 sed
828 1489 1004 1538 <ad>
1044 1502 1200 1531 omnes
1242 1493 1352 1542 dies,
1397 1493 1643 1532 secundum
1685 1491 1798 1541 quod
1841 1492 1904 1530 ait
1946 1489 2062 1529 ‘nam

442 1572 684 1611 numquam
713 1575 848 1604 unum
877 1567 1136 1607 intermittit
1162 1569 1311 1608 diem’.
1340 1569 1364 1608 2
1397 1579 1529 1608 sonos
1564 1578 1752 1607 mmmm
1785 1575 2062 1607 msnmARUM

443 1638 540 1685 <Ε.
574 1641 737 1688 Ram.)
768 1641 882 1681 bona
912 1643 1090 1683 locutio.

500 1717 524 1754 4
568 1727 764 1756 misenam
807 1729 865 1758 ME
907 1721 1130 1769 proprium
1168 1724 1237 1760 est
1276 1722 1532 1771 mulierum,
1572 1732 1671 1761 cum
1705 1721 1953 1769 loquuntur,
1986 1719 2064 1757 aut

443 1791 540 1830 aliis
574 1793 775 1843 blandiri,
806 1799 854 1834 ut
881 1796 1025 1845 (Verg.
1044 1799 1150 1836 Aen.
1171 1799 1210 1836 4.
1230 1796 1333 1849 634)
1352 1799 1559 1846 ‘Annam,
1585 1808 1688 1837 cara
1714 1807 1773 1836 m.
1802 1806 1849 1846 n,
1877 1796 1919 1836 h.
1946 1805 1982 1834 s.
2010 1794 2060 1833 s.’

445 1871 521 1906 aut
581 1879 628 1908 se
681 1872 1000 1922 commiserari,
1055 1876 1103 1912 ut
1151 1874 1295 1923 (Verg.
1314 1876 1422 1914 Aen.
1442 1878 1482 1914 4.
1502 1876 1588 1914 420
1607 1877 1686 1922 sq.)
1729 1873 1934 1938 ‘miserae
1979 1871 2062 1909 hoc

443 1946 589 1984 tamen
633 1957 766 1986 unum
810 1959 1061 2000 exsequere,
1106 1953 1248 2001 Anna,
1283 1952 1421 2000 mihi’,
1455 1962 1556 1990 nam
1592 1952 1699 1990 haec
1730 1949 1879 1989 omnia
1910 1946 2060 1987 mulie·

444 2020 536 2059 bria
576 2025 696 2071 sunt,
742 2025 898 2072 quibus
930 2037 1007 2075 pro
1040 2028 1170 2067 malis
1202 2028 1457 2077 ingentibus
1489 2029 1614 2076 quasi
1646 2028 1691 2066 in
1718 2034 1925 2066 acervum
1954 2023 2062 2063 redi·

444 2099 604 2144 guntur
632 2101 675 2137 et
706 2105 1023 2142 enumerantur
1050 2103 1215 2144 nullius
1241 2105 1459 2144 momenti
1485 2104 1701 2153 querelae.

615 2174 638 2209 5
667 2163 851 2212 nemmem
880 2187 1012 2214 Hxssso
1042 2178 1135 2223 quid
1165 2179 1272 2215 enim
1302 2189 1404 2224 opus
1433 2181 1497 2216 est
1522 2182 1592 2216 aut
1620 2189 1689 2215 cur
1718 2187 1826 2214 nunc
1847 2174 2060 2221 quereris?

565 2227 586 2262 6
616 2237 740 2265 sonu:
764 2240 898 2267 SUMUS
922 2242 1147 2277 numquam
1172 2233 1380 2279 pluraliter
1404 2234 1551 2270 ‘solae'.
1577 2234 1599 2270 7
1625 2243 1728 2269 GETA
1743 2241 1881 2268 Aurum
1897 2239 1965 2266 mc
1979 2238 2060 2265 non

562 2290 691 2318 ADEST
721 2285 868 2321 veniet.

504 2361 527 2398 2
572 2372 652 2400 nac
695 2373 813 2407 QUEM
854 2375 913 2404 AD
957 2377 1249 2407 ossrs'rmcssm
1288 2378 1459 2406 ΜΙΤΤΑΜ
1501 2377 1700 2413 imcom
1731 2375 1953 2406 AccERsAcr
1985 2373 2057 2402 ΑΕ·

444 2446 641 2476 somnum
674 2439 838 2479 ‘habeo’
872 2442 1147 2493 subauditur,
1182 2446 1225 2483 et
1258 2445 1402 2492 magis
1435 2454 1461 2483 a
1490 2444 1736 2494 trepidante
1767 2452 1900 2491 quam
1932 2439 2056 2479 ratio-

444 2511 647 2552 nabiliter
679 2515 859 2563 dicitur;
894 2527 995 2556 nam
1029 2519 1192 2558 refellit
1222 2521 1302 2559 hoc
1334 2522 1478 2559 totum
1511 2521 1663 2559 nutrix
1694 2519 1928 2560 Canthara.

509 2589 524 2625 1
573 2599 595 2627 E
629 2600 681 2628 Ra
714 2602 832 2631 NATA
864 2595 927 2633 sic
960 2596 1131 2644 proprie
1164 2596 1355 2637 dicimus
1387 2597 1438 2635 de
1472 2596 1553 2645 his,
1583 2606 1694 2644 quae
1728 2597 1879 2635 contra
1911 2593 2057 2632 volun·

446 2665 582 2702 tatem
616 2668 810 2706 nostram
846 2670 1114 2720 acciderunt,
1149 2675 1198 2711 ut
1229 2682 1347 2712 nunc
1379 2673 1539 2712 vitium
1572 2673 1774 2721 virginis,
1809 2673 1863 2716 (a)
1891 2670 1955 2709 sic
1979 2669 2058 2708 Lu·

443 2739 569 2778 cilius
613 2740 731 2790 ‘puer
776 2744 845 2783 hic
887 2756 909 2784 e
951 2757 996 2785 re
1034 2749 1140 2787 nata
1185 2749 1249 2788 sic
1295 2749 1390 2788 eius
1425 2749 1562 2797 dedit,
1601 2748 1717 2787 haud
1753 2747 1898 2787 malus
1939 2740 2058 2799 [est']

444 2815 582 2859 (Marx
601 2814 718 2868 962).
753 2819 777 2857 2
814 2820 864 2859 Et
895 2822 959 2860 sic
990 2823 1147 2862 maluit
1179 2825 1342 2874 dicere,
1376 2835 1487 2873 quae
1514 2835 1599 2864 non
1633 2824 1850 2864 Aeschino
1883 2823 2055 2872 culpam

445 2891 520 2929 sed
547 2893 691 2940 potius
720 2896 838 2934 casui
863 2898 1124 2938 attributam
1156 2901 1307 2948 vellet;
1338 2903 1405 2940 est
1432 2903 1580 2940 autem
1609 2901 1734 2940 ordo:
1763 2900 1872 2938 nihil
1898 2898 2057 2938 melius

446 2967 586 3014 potuit
620 2977 642 3006 e
674 2979 718 3008 re
751 2973 856 3011 nata
887 2971 982 3013 fieri
1015 2985 1146 3023 quam
1179 2976 1220 3015 id
1247 2977 1361 3024 quod
1393 2977 1560 3016 factum
1593 2979 1679 3024 est,
1714 2987 1811 3025 era,
1845 2977 1897 3014 ut
1925 2984 2054 3022 quan·

346 3120 370 3160 ¹)
396 3118 490 3154 Vide
516 3120 666 3156 Wessn.
695 3122 730 3157 iu
760 3135 833 3158 var.
861 3125 944 3161 lect.
