2242 3443
178 781 200 816 8

159 1742 209 1778 10

155 2113 202 2148 ll

154 2532 204 2569 12

152 3020 201 3059 13

1021 237 1046 274 3

443 358 465 393 2
503 357 525 379 *
562 357 798 394 ‘Veteris’
834 367 906 402 pro
936 357 1079 394 cariosi
1109 359 1147 393 et
1177 358 1293 401 quasi
1323 357 1470 392 rancidi
1499 359 1645 403 posuit,
1675 361 1793 403 atque
1821 361 1905 397 ideo

388 411 612 447 ‘malevoli'.
644 412 666 447 3
696 408 718 432 *
746 411 833 447 Non
860 411 1119 447 ‘criminibus’
1147 412 1215 446 sed
1241 411 1502 456 ‘maledictis’‚
1527 413 1618 455 quid
1643 415 1778 448 autem
1803 416 1906 450 inter

385 465 643 501 maledictum
689 465 730 500 et
777 465 924 501 crimen
968 465 1148 509 intersit,
1192 466 1305 500 docet
1347 464 1478 500 Cicero
1516 466 1555 500 in
1595 466 1829 502 Tusculanis
1847 470 1905 509 (7).

388 521 410 554 4
438 528 605 554 vnrnms
633 518 734 553 ratio
763 518 946 561 invidiae,
975 528 1127 554 POETAE
1156 528 1279 553 causa
1308 518 1600 554 insectationis
1626 522 1646 554 5
1672 530 1906 557 MALEDICTIS

389 573 613 609 criminatio
649 572 877 608 adversarii.
918 573 938 607 7
979 583 1002 606 α
1031 572 1325 607 commendatio
1356 575 1497 616 poetae
1526 582 1548 607 a
1578 582 1748 617 persona
1777 576 1907 611 adver-

388 627 492 663 sarii.
532 627 555 662 8
591 635 852 662 RESPONDEAT
890 627 1098 662 excusatio
1137 626 1431 670 respondentis.
1471 627 1493 660 9
1528 626 1571 661 Ec
1598 636 1677 662 non
1708 628 1909 664 ‘obsistat'

385 682 457 717 sed
488 680 772 725 ‘respondeat'.

323 779 342 814 1
373 786 491 815 NUNC
519 786 642 821 QUAM
668 786 758 814 REM
785 774 946 822 ‘quam'
977 774 1165 823 qualem.
1197 775 1220 812 2
1250 784 1365 812 vicmo
1393 784 1505 812 DENT
1534 775 1795 825 vituperent,
1825 777 1907 815 cul-

268 854 384 901 pent.
413 853 439 891 4
466 862 582 891 NUNc
610 862 647 897 Q.
676 862 715 890 a.
745 864 787 891 v.
805 861 846 890 D.
868 850 996 890 ‘nunc
1014 851 1385 897 animadvertite',
1406 859 1490 888 non
1511 850 1639 889 ‘nunc
1657 852 1761 890 vitio
1779 852 1910 891 dent'.

269 929 293 967 5
336 928 386 966 Et
426 928 615 967 oratorie
656 929 780 976 quasi
822 928 987 966 multos
1029 927 1151 975 facit,
1188 937 1288 965 cum
1321 936 1457 964 unum
1490 937 1620 975 supra
1651 927 1827 976 dixerit,
1862 931 1909 966 ut

268 1003 484 1052 Vergilius
516 1003 693 1042 ‘desiste
719 1014 902 1042 manum
931 1003 1208 1042 committere
1226 1002 1420 1040 Teucris'
1439 1003 1562 1042 (Aen.
1585 1003 1650 1041 12.
1670 1003 1752 1043 60).
1773 1004 1795 1041 7
1817 1014 1908 1041 ΑΜ-

268 1089 546 1118 MADVERTITE
579 1079 739 1127 legitur
771 1081 814 1118 et
849 1078 1105 1117 ‘attendite’.
1141 1080 1194 1118 (α)

444 1153 466 1188 3
499 1151 522 1173 *
551 1152 863 1197 Vituperare
887 1154 950 1188 est
978 1151 1101 1196 mala,
1128 1151 1262 1186 vitio
1290 1152 1408 1186 dare
1434 1151 1556 1186 etiam
1583 1152 1907 1193 oonassoUAEso

387 1207 617 1252 propositio.
648 1207 668 1242 7
699 1216 724 1241 α
753 1203 775 1225 *
800 1207 914 1242 Unde
938 1205 1199 1242 manifestum
1225 1206 1288 1240 est
1313 1206 1353 1240 et
1377 1205 1606 1241 ‘adtendite’
1627 1207 1667 1240 et
1687 1205 1907 1241 ‘advertite'

388 1271 469 1297 non
497 1271 587 1297 esse
617 1260 799 1306 plenum,
829 1260 908 1296 nisi
939 1259 1136 1296 addideris
1168 1258 1388 1295 ‘animum'.

321 1349 346 1388 2
379 1349 429 1388 Et
456 1350 627 1398 proprie
654 1349 807 1389 ‘fecit':
836 1349 1042 1389 scribit
1068 1350 1184 1388 enim
1215 1349 1464 1397 Terentius,
1493 1349 1565 1396 qui
1589 1348 1719 1387 verba
1738 1349 1910 1387 adhibet

269 1426 462 1475 tantum,
511 1425 653 1464 facit
699 1426 952 1473 Menander,
1000 1425 1074 1473 qui
1122 1425 1256 1463 etiam
1305 1426 1617 1472 argumentum
1664 1425 1908 1471 componit;

272 1501 348 1541 sed
379 1512 507 1550 saepe
540 1502 593 1541 ad
625 1501 801 1541 laudem
830 1501 1020 1541 Terentii
1049 1501 1188 1540 fecit
1215 1500 1267 1539 de
1293 1510 1341 1539 eo
1369 1500 1481 1548 quod
1509 1501 1577 1538 est
1603 1499 1908 1538 transtulit

274 1577 340 1620 (cf.
374 1577 427 1616 ad
458 1588 498 1616 v.
531 1579 584 1619 4).

451 1653 467 1689 1
498 1661 722 1688 MENANDER
749 1661 861 1687 FECIT
890 1661 1079 1687 ANDRIAM
1106 1661 1155 1686 ET
1181 1660 1216 1685 P.
1246 1651 1325 1686 iam
1354 1649 1531 1685 narratio
1554 1650 1628 1684 est.

331 1739 351 1777 1
396 1739 544 1779 Prima
585 1750 744 1779 scaena
786 1739 1038 1778 Perinthiae
1079 1739 1170 1777 fere
1212 1738 1353 1776 isdem
1385 1737 1532 1775 verbis
1564 1736 1718 1784 quibus
1749 1736 1912 1774 Andria

270 1815 435 1863 scripta
474 1817 554 1865 est,
599 1818 742 1855 cetera
778 1815 1013 1854 dissimilia
1044 1816 1148 1853 sunt
1180 1814 1376 1862 exceptis
1408 1812 1576 1851 duobus
1609 1813 1732 1861 locis,
1774 1812 1912 1850 altero

272 1891 324 1930 ad
366 1902 522 1931 versus
553 1891 629 1941 XI,
663 1891 800 1943 altero
833 1891 887 1930 ad
920 1890 1021 1939 XX,
1055 1890 1128 1938 qui
1159 1890 1204 1928 in
1236 1891 1420 1936 utraque
1450 1887 1598 1926 fabula
1630 1888 1760 1936 positi
1792 1890 1908 1926 sunt.

444 1968 465 2002 2
496 1966 568 2010 Qui
595 1966 709 2002 novit
737 1975 878 2010 unam,
908 1964 1022 2001 novit
1050 1964 1188 2000 ambas
1218 1964 1258 1998 et
1282 1962 1439 1999 noverit
1464 1971 1625 1997 omnem
1649 1970 1745 1997 rem.
1772 1961 1794 1996 3
1820 1962 1908 1997 Uno

392 2030 515 2056 versu
546 2020 673 2056 ‘novit
700 2019 884 2056 noverit‘.
916 2019 938 2053 4
967 2027 1176 2054 UTRAMvrs
1206 2018 1318 2054 deest
1346 2016 1529 2053 ‘harum'.

326 2109 346 2146 1
373 2119 451 2147 SED
478 2119 627 2147 TAMEN
658 2108 863 2147 discretio
891 2111 959 2146 est
986 2117 1011 2145 a
1040 2105 1351 2155 superioribus.
1382 2107 1434 2146 (α)
1463 2105 1487 2142 3
1511 2113 1596 2142 NON
1615 2113 1690 2141 1ΤΑ
1706 2112 1911 2140 DISSIMILI

270 2194 380 2222 SUNT
412 2195 485 2223 AR.
521 2185 611 2223 ‘ita'
644 2194 719 2233 pro
754 2184 900 2232 valde,
935 2184 961 2221 4
994 2182 1043 2220 Ec
1072 2184 1221 2221 caute:
1250 2181 1393 2230 potuit
1420 2180 1536 2218 enim
1563 2179 1647 2218 dici
1682 2177 1908 2225 ‘quomodo

270 2271 372 2308 ergo
403 2260 514 2299 duae
544 2260 700 2299 sunt’?

307 2316 311 2323 ι
446 2334 464 2369 1
483 2343 564 2369 NON
589 2343 659 2369 ITA
686 2342 876 2370 DrsstM1L1
905 2341 1008 2368 SUNT
1038 2341 1103 2367 AR.
1134 2331 1250 2366 ordo:
1280 2330 1337 2366 ita
1364 2339 1443 2365 non
1473 2328 1588 2373 sunt,
1617 2336 1712 2370 ergo
1740 2327 1796 2363 ita
1819 2326 1908 2361 sub-

389 2387 733 2432 distinguendum.
767 2389 787 2422 ?-
817 2397 841 2422 a
870 2388 910 2422 et
937 2388 1000 2422 est
1030 2384 1345 2429 anacolouthon,
1375 2393 1455 2419 non
1486 2382 1592 2418 enim
1621 2390 1746 2424 supra
1774 2379 1909 2424 posuit

396 2441 594 2485 ‘quidem'.

324 2530 344 2567 1
372 2528 569 2577 <ITA>
585 2538 795 2567 mssmim
813 2536 1030 2567 ORArioNn
1049 2525 1178 2564 ‘ita’z
1199 2535 1253 2563 ne
1271 2523 1555 2563 Menandrum
1575 2521 1747 2569 culpare
1766 2520 1906 2558 videa—

270 2606 359 2654 tur,
382 2605 462 2644 hoc
489 2605 693 2644 adiunxit
719 2603 832 2652 quod
864 2603 1006 2642 laudis
1032 2603 1112 2641 est.
1143 2601 1167 2640 2
1197 2610 1414 2640 ORATIONE
1441 2609 1495 2638 Ae
1513 2608 1632 2636 sTILo
1661 2594 1838 2635 oratio
1862 2592 1904 2630 in

271 2690 406 2719 sensu
440 2683 527 2730 est,
561 2680 736 2719 stilus
767 2680 811 2717 in
846 2678 1007 2717 verbis.

446 2771 468 2806 3
508 2769 682 2806 Oratio
711 2770 758 2805 ad
788 2778 853 2804 res
883 2768 1071 2812 refertul‚
1101 2765 1261 2802 stilus
1289 2765 1338 2801 ad
1368 2764 1499 2799 verba.
1529 2763 1552 2797 4
1582 2757 1605 2779 ²¹*
1633 2759 1796 2796 Stilus
1826 2766 1903 2791 non

392 2825 455 2859 est
481 2824 521 2859 in
545 2825 706 2869 pectore
734 2823 803 2858 sed
832 2823 871 2857 in
903 2821 1060 2866 prolata
1075 2819 1275 2863 oratione,
1307 2817 1477 2854 oratio
1508 2816 1643 2850 autem
1672 2814 1711 2848 et
1738 2812 1777 2846 in
1806 2810 1891 2853 cogi

390 2877 543 2913 tatione
578 2879 619 2913 et
654 2878 695 2912 in
730 2876 900 2920 prolatu.
938 2877 960 2910 5
991 2873 1291 2910 Orationem
1322 2872 1361 2906 in
1392 2868 1607 2905 sententiis
1638 2867 1769 2902 dicunt
1795 2873 1903 2907 esse,

394 2931 572 2966 stilum
595 2931 636 2966 in
661 2930 810 2974 verbis,
837 2929 1197 2981 argumentum
1222 2927 1262 2961 in
1287 2926 1419 2961 iebus.
1436 2923 1539 2966 Ergo
1555 2923 1595 2957 et
1609 2929 1750 2964 poema
1766 2917 1902 2953 oratio.

328 3019 352 3056 3
387 3028 502 3063 QUAE
535 3028 789 3057 coanNERn
818 3027 863 3054 1N
891 3025 1097 3055 ANDRIAM
1124 3023 1235 3061 quae
1264 3013 1366 3059 apta
1393 3012 1436 3049 et
1464 3006 1691 3047 commoda
1714 3004 1901 3043 fuerunt

272 3095 297 3131 4
330 3105 375 3131 1N
408 3104 612 3132 ANnmAM
644 3094 829 3132 latinam
864 3102 946 3129 non
982 3099 1197 3138 graecam.
