2242 3443
139 407 216 442 969

139 1096 212 1132 971

132 2006 207 2041 972

132 2233 207 2269 973

135 2659 211 2696 974

135 2885 210 2921 975

982 155 1066 193 223

456 286 480 310 a
517 278 620 321 quod
650 278 756 313 enim
787 278 834 312 ad
863 277 1078 313 Chaeream
1105 277 1297 322 pertinet,
1329 288 1408 313 non
1438 279 1541 321 quod
1572 279 1618 314 ad
1652 280 1784 323 ipsum
1816 290 1896 324 per-

406 330 525 375 tinet,
555 331 727 367 dubitat.

343 402 362 439 1
408 412 499 440 selo
544 413 755 441 PARATUM
797 413 873 440 SED
908 412 1090 440 NECESSE
1124 414 1197 440 EST
1231 403 1336 441 haec
1370 412 1502 440 causa
1536 404 1762 442 dubitandi
1795 405 1895 454 suit,

286 477 398 525 quod
431 477 533 516 hinc
564 477 852 516 Parmenonis
883 477 1002 516 illinc
1035 478 1332 516 adulescentis
1364 478 1603 526 perieulum
1637 481 1841 520 cernitur.
1877 482 1900 519 2

284 563 406 591 SAPIS
450 553 597 602 ‘sapis'
640 553 744 592 dicit
786 563 870 591 non
915 553 1067 592 videns
1108 554 1209 601 quid
1252 553 1449 592 futurum
1494 555 1571 603 sit,
1616 558 1691 594 sed
1724 559 1897 595 tantum

284 629 492 668 derisisse
535 631 755 668 contenta.
799 629 824 667 3
866 639 944 667 sED
976 639 1161 667 NECESSE
1197 639 1270 667 EST
1304 628 1390 668 ‘me
1423 629 1523 668 huic
1556 631 1712 670 dicere'
1745 633 1899 671 subau-

284 704 515 753 diendum;
555 706 609 750 (α)
653 708 678 744 4
725 707 768 744 et
799 703 1023 750 ἀσυνδέτους
1055 705 1328 743 inferendum
1359 707 1426 743 est
1459 706 1570 753 quod
1603 708 1811 753 sequitur.
1846 710 1899 752 (α)

459 780 479 813 3
510 789 534 814 α
564 781 609 815 ut
638 779 714 815 sit:
743 780 811 815 sed
841 788 1006 826 necesse
1035 781 1098 814 est
1129 780 1268 815 dicere.
1296 781 1318 814 4
1344 789 1368 814 α
1394 781 1607 822 <deest>
1636 782 1741 817 enim
1768 783 1898 826 ‘prop-

405 833 530 869 terea'
561 833 622 869 vel
651 834 743 877 quid
774 833 864 869 tale.

1004 966 1043 1004 5.

345 1093 363 1129 1
398 1102 456 1130 Ex
498 1102 584 1131 MEo
617 1102 858 1137 PROPiNQUO
892 1102 1005 1130 RURE
1036 1102 1120 1130 Hoc
1154 1103 1188 1131 c.
1223 1103 1257 1131 c.
1293 1092 1591 1131 adnotandum
1628 1095 1738 1141 quod
1768 1096 1896 1134 huius

285 1167 403 1206 senis
446 1178 605 1207 nomen
649 1168 761 1216 apud
801 1168 1053 1207 Terentium
1097 1177 1182 1206 non
1223 1170 1309 1217 est,
1356 1169 1466 1216 apud
1510 1169 1796 1209 Menandrum
1832 1171 1895 1209 Si-

288 1253 408 1282 mon
451 1243 623 1283 dicitur.
669 1245 693 1282 2
735 1254 792 1282 Ex
832 1254 917 1283 MEo
960 1254 996 1282 P.
1030 1254 1070 1282 R.
1106 1254 1149 1282 H.
1185 1244 1403 1282 formatur
1435 1246 1581 1283 status
1619 1247 1783 1284 mentis
1816 1250 1895 1286 tre—

287 1319 478 1367 pidantis
519 1320 657 1368 senis,
699 1322 747 1359 ut
787 1322 995 1368 appareat
1035 1330 1167 1368 quam
1208 1320 1434 1368 inopinato
1468 1321 1585 1360 malo
1618 1331 1772 1361 amens
1805 1322 1897 1362 fieri

286 1395 443 1443 possit,
478 1396 590 1443 quod
623 1396 768 1444 ipsum
801 1396 1003 1444 superius
1035 1397 1078 1434 et
1109 1396 1152 1433 in
1186 1395 1459 1434 Parmenone
1490 1399 1713 1435 servatum
1736 1401 1820 1445 est,
1844 1422 1892 1426 —

286 1471 515 1520 imparatis
557 1472 674 1510 enim
716 1472 940 1511 mentibus
980 1471 1100 1510 mala
1133 1472 1304 1510 maiora
1335 1474 1438 1510 sunt
1472 1484 1549 1519 —;
1584 1474 1609 1511 3
1644 1484 1746 1521 ergo
1779 1485 1896 1513 nunc

287 1549 378 1586 tam
411 1548 580 1586 otiosus
612 1548 773 1587 incedit
804 1557 959 1596 senex,
1008 1549 1057 1586 ut
1094 1557 1232 1594 neque
1266 1557 1413 1586 mores
1443 1548 1640 1597 increpet
1672 1559 1751 1588 nec
1783 1551 1896 1597 quie-

280 1633 413 1670 quam
445 1624 693 1673 suspicetur
726 1623 850 1672 mali,
884 1624 959 1662 sed
993 1625 1094 1672 agat
1126 1624 1293 1671 gratias
1325 1625 1554 1672 proximae
1586 1625 1738 1669 villae,
1772 1627 1896 1665 cuius

280 1697 488 1738 beneficio
525 1709 611 1738 non
644 1699 727 1737 seit
745 1700 844 1747 quid
880 1700 921 1738 in
956 1698 1060 1737 urbe
1091 1698 1170 1737 filii
1203 1701 1379 1748 gerant,
1416 1702 1460 1738 et
1492 1710 1607 1739 nunc
1640 1701 1786 1753 adest,
1823 1702 1894 1741 ubi

279 1785 387 1822 opus
419 1777 487 1814 est
518 1777 684 1823 poetae.
719 1777 744 1814 4
777 1775 829 1814 Et
862 1775 960 1814 vide
988 1775 1100 1816 hanc
1127 1785 1307 1814 causam
1335 1775 1495 1824 fuisse,
1525 1786 1599 1815 cur
1627 1787 1711 1815 non
1740 1779 1793 1816 ad
1821 1779 1897 1817 vil-

278 1850 366 1889 lam
409 1851 656 1890 diverterit:
701 1861 855 1891 omnes
897 1851 1027 1890 villas
1068 1851 1260 1890 comicas
1303 1851 1582 1891 suburbanas
1625 1863 1744 1901 esse;
1779 1864 1895 1893 com-

280 1926 542 1965 moditatem
575 1927 717 1975 ipsam
750 1937 864 1965 nunc
897 1927 1089 1976 explicat
1123 1929 1166 1965 et
1194 1928 1398 1966 ostendit.

330 2012 472 2048 NEQUE
513 2012 621 2041 AGRI
661 2012 802 2048 NEQUE
834 2012 963 2041 URBIS
995 2013 1133 2041 ODIUM
1166 2013 1225 2041 ME
1258 2014 1298 2042 v.
1332 2013 1370 2041 P.
1404 2004 1600 2051 tragicus
1632 2007 1891 2053 apparatus:

279 2077 457 2117 delicias
492 2080 728 2126 memorat,
757 2078 829 2127 qui
857 2078 1049 2128 pericula
1077 2080 1331 2127 cogniturus
1358 2083 1438 2118 est.
1470 2080 1494 2118 2
1523 2090 1661 2119 omUM
1686 2091 1745 2120 ME
1778 2092 1817 2119 v.
1853 2092 1891 2120 P.

277 2153 506 2192 fastidium
540 2164 594 2193 ex
628 2154 910 2193 abundantia.

333 2231 353 2268 1
383 2240 459 2269 UBI
487 2240 643 2270 SATIAS
669 2241 818 2270 COEPIT
846 2230 1110 2269 suffecerant
1139 2231 1192 2270 ad
1220 2231 1333 2270 hanc
1360 2232 1628 2270 sententiam
1658 2233 1741 2272 duo
1769 2244 1889 2282 supe-

280 2305 416 2344 riores
457 2306 501 2344 hi
543 2316 715 2355 versus,
760 2307 836 2345 sed
880 2307 948 2345 hic
992 2304 1168 2357 ἐνεργεία
1210 2309 1277 2345 est
1310 2307 1464 2345 senilis
1496 2307 1654 2355 eloquii
1686 2308 1816 2347 faceti
1849 2310 1891 2347 et

280 2380 443 2429 garruli
474 2381 622 2421 simul.
657 2383 681 2421 2
713 2392 918 2421 COMMUTO
950 2392 1093 2421 LOCUM
1126 2382 1238 2421 mira
1272 2383 1488 2421 brevitate
1521 2384 1629 2421 duas
1661 2394 1731 2422 res
1760 2385 1889 2433 expli·

279 2457 370 2494 cuit
401 2456 546 2496 simul.
581 2459 606 2496 4
639 2458 690 2496 Et
721 2468 868 2497 COEPIT
901 2468 977 2506 pro
1010 2457 1244 2506 ‘coeperit’.

453 2531 475 2566 3
513 2541 583 2567 UBI
609 2541 751 2568 sxrras
780 2542 812 2568 c.
843 2532 956 2567 deest
989 2530 1122 2576 ‘nam’‚
1154 2533 1200 2567 ut
1219 2532 1292 2568 sit:
1324 2541 1419 2568 nam
1449 2532 1514 2567 ubi
1543 2541 1574 2567 S.
1605 2541 1635 2568 c.
1673 2531 1770 2567 fieri.
1814 2532 1836 2566 5
1867 2530 1888 2555 '¹‘

397 2594 538 2620 sArrAs
568 2586 757 2622 odium:
788 2587 835 2622 ob
866 2595 913 2621 eo
942 2586 1046 2629 quod
1077 2587 1279 2630 praecedit
1307 2587 1345 2621 id
1374 2587 1479 2629 quod
1510 2585 1705 2629 sequitur.

332 2667 410 2695 SED
451 2667 586 2696 EsTNE
625 2667 723 2696 ILLE
765 2667 930 2696 uoerR
968 2667 1006 2695 P.
1050 2667 1101 2695 Etr
1135 2667 1169 2696 o.
1203 2667 1230 2695 1.
1264 2667 1340 2695 Esr
1373 2658 1415 2695 et
1448 2656 1666 2696 dubitavit
1707 2657 1750 2694 et
1782 2654 1887 2693 affir-

279 2733 419 2771 mavit
446 2734 598 2782 postea
630 2734 780 2782 utpote
811 2743 949 2772 senex
978 2732 1075 2771 visu
1102 2733 1190 2771 iam
1219 2732 1423 2782 languido
1450 2733 1578 2779 atque
1605 2730 1742 2769 oculis
1767 2740 1886 2778 prop-

281 2809 347 2846 ter
378 2810 570 2848 aetatem
601 2809 798 2848 defessis.

337 2885 356 2921 1
400 2893 517 2929 QUEM
553 2895 861 2923 PRAESTOLARE
894 2895 930 2923 P.
965 2895 1010 2923 H.
1044 2895 1088 2924 A.
1122 2894 1159 2923 o.
1194 2893 1305 2922 nove
1339 2893 1426 2922 non
1459 2882 1562 2921 ‘eui
1592 2881 1885 2930 praestolare',

279 2959 353 2997 sed
388 2960 573 3006 ‘quem’
605 2960 740 3007 dixit;
774 2960 899 2999 aliter
930 2960 1100 2999 Tullius
1135 2958 1220 3007 ‘qui
1254 2959 1334 2997 tibi
1365 2959 1417 2997 ad
1450 2958 1494 2997 F.
1526 2958 1573 2997 A.
1601 2968 1641 3006 p.
1664 2958 1718 2995 a.'
1746 2955 1884 3001 (Catil.

285 3035 319 3073 1.
358 3034 440 3081 24).
471 3035 494 3072 2
528 3034 885 3074 Praestolari
918 3038 986 3074 est
1017 3037 1194 3084 praesto
1227 3044 1325 3073 esse
1356 3035 1401 3072 et
1431 3042 1647 3081 apparere.
1684 3029 1742 3075 (a)
