2242 3443
114 258 186 293 867

114 711 184 748 871

113 864 187 900 872

114 1015 187 1052 873

112 1167 187 1204 875

113 1616 188 1651 876

115 1842 184 1878 877

113 2061 186 2096 828

112 2280 186 2317 879

111 2356 187 2393 880

110 2506 182 2544 881

115 2780 188 2817 882

114 2929 189 2967 883

956 132 1040 169 215

317 256 335 291 i
372 264 513 299 NEQUE
549 265 709 293 EDEPOL
743 265 843 299 Quin
878 265 992 293 NUNC
1024 265 1059 293 c.
1095 265 1129 293 c.
1160 266 1194 293 s.
1224 255 1441 303 intellegit
1468 255 1600 294 Thais
1626 257 1765 295 amari
1792 257 1872 294 vir-

260 329 406 377 ginem
450 330 502 368 ab
547 332 627 368 hoc
668 332 712 369 et
748 331 844 369 ideo
877 331 940 368 sic
972 330 1052 378 ait,
1088 333 1135 368 ut
1169 330 1370 369 conciliet
1400 331 1596 380 nuptias,
1631 341 1730 370 nam
1766 333 1876 370 satis

258 405 373 452 signi
415 408 483 444 est
525 407 638 453 quod
676 406 872 461 >eunuchi
916 406 1117 444 habitum
1161 408 1336 454 propter
1379 406 1490 445 hanc
1524 408 1737 455 sumpsit;
1773 408 1797 445 2
1831 410 1874 446 et

261 480 359 519 vide
402 482 774 528 quemadmodum
819 482 870 520 ad
915 482 1162 529 captionem
1206 481 1459 530 nuptiarum
1504 492 1574 520 res
1607 484 1729 521 eant:
1765 485 1875 530 quod

259 558 409 595 tamen
450 557 591 597 dicere
623 568 709 597 non
743 558 875 597 audet
907 558 1057 606 Thais,
1088 558 1162 596 sed
1196 560 1369 597 tantum
1403 558 1596 597 ostendit
1627 559 1874 597 adulescen-

259 632 311 681 ti,
346 642 475 679 quem
507 636 697 682 temptat
729 634 892 683 sciens,
923 636 966 672 et
993 633 1186 672 ostendit
1213 634 1332 672 viam
1360 634 1572 682 petendae
1598 634 1681 673 sibi
1708 636 1871 675 uxoris

321 718 405 746 Hoc
448 719 549 747 MIHI
577 701 856 748 'BENEFICIUM
895 719 1099 748 CHAEREA
1143 709 1300 748 blande
1342 718 1502 748 nomen
1541 711 1775 759 repetitum
1810 712 1876 749 est

262 783 499 824 ‘Chaerea’.

309 871 366 899 Ar
384 871 501 900 NUNC
520 872 682 901 DEHINC
699 872 830 901 SPERO
848 863 1054 901 nunciam
1073 861 1264 901 Chaerea
1284 872 1386 900 vera
1404 862 1520 900 veris
1532 861 1870 910 <repens—>

258 938 302 975 at
333 937 504 985 <ac>
536 938 699 976 recedit
731 949 755 976 a
786 938 1064 977 iocularibus.

316 1014 335 1050 1
381 1023 516 1052 SAEPE
548 1023 605 1051 Ex
637 1023 882 1052 HUIUSMODI
918 1023 973 1051 RE
1009 1014 1089 1052 hoc
1123 1014 1190 1052 est
1221 1012 1573 1052 turbulenta.
1610 1013 1633 1051 2
1668 1023 1868 1058 QUAPiAM

256 1097 607 1136 quacumque
640 1088 709 1127 vel
742 1089 954 1136 aliqua.

314 1165 333 1202 1
373 1173 477 1209 QU1D
510 1175 548 1202 sr
581 1175 664 1203 Hoc
698 1175 907 1210 QUISPIAM
940 1175 979 1205 V.
1013 1176 1053 1203 D.
1089 1164 1294 1213 pleraque
1327 1164 1569 1212 repentinis
1601 1165 1870 1213 impulsioni-

258 1239 339 1278 bus
370 1242 474 1279 nata
506 1241 715 1288 mirisque
748 1241 1033 1289 proventibus
1067 1241 1145 1279 deo
1177 1240 1364 1279 adscribi
1396 1240 1539 1279 solent
1572 1243 1618 1278 ut
1647 1240 1872 1280 ‘descendo

261 1325 311 1354 ac
353 1315 538 1355 ducente
580 1316 658 1354 deo
700 1316 728 1355 f.
772 1317 799 1355 i.
843 1319 886 1355 et
918 1317 959 1355 h.
994 1317 1046 1355 e.'
1081 1319 1123 1355 et
1157 1315 1272 1354 ‘hinc
1308 1326 1379 1354 me
1412 1316 1658 1363 digressum
1694 1326 1734 1355 v,
1768 1317 1874 1355 deus

258 1391 426 1439 appulit
458 1392 559 1430 oris’
594 1393 715 1436 (Aen.
751 1393 789 1430 2.
820 1392 919 1439 632,
949 1392 987 1431 3.
1018 1392 1118 1436 715)
1147 1395 1189 1430 et
1218 1391 1454 1430 Sallustius
1473 1390 1535 1429 ‘ut
1552 1393 1676 1430 tanta
1693 1394 1870 1440 repente

260 1467 448 1506 mutatio
481 1477 566 1506 non
599 1468 693 1506 sine
727 1467 805 1506 deo
840 1468 1074 1506 videretur'
1108 1467 1174 1506 (H.
1206 1467 1257 1506 fr.
1292 1467 1394 1506 4.6O
1427 1467 1510 1507 M.).

430 1542 451 1576 2
483 1550 578 1583 QUID
608 1552 641 1576 s.
670 1551 711 1577 H.
743 1551 778 1583 Q.
808 1552 844 1576 V.
874 1551 911 1576 D.
941 1541 1027 1577 vult
1055 1551 1237 1577 amorem
1262 1540 1441 1585 intellegi
1469 1542 1600 1576 deum.

317 1614 335 1650 l
372 1621 564 1657 EQUIDEM
598 1623 676 1651 Por,
708 1623 754 1651 m
786 1623 878 1651 EAM
912 1623 1088 1651 PARTEM
1116 1622 1372 1657 ACCIPIOQUE
1399 1623 1450 1651 ΕΤ
1480 1622 1587 1651 vom
1614 1614 1661 1650 ut
1690 1614 1869 1651 aeterna

257 1687 370 1726 inter
403 1698 482 1727 nos
515 1689 575 1726 sit
607 1688 749 1735 gratia
780 1691 823 1727 et
855 1698 909 1727 ex
943 1689 1059 1727 malo
1086 1689 1296 1737 principio
1325 1688 1537 1727 confletur
1561 1698 1722 1736 magna
1747 1688 1869 1727 fami-

259 1763 440 1801 liaritas.
477 1763 501 1801 2
534 1774 586 1801 ET
620 1773 726 1802 voLo
760 1764 962 1802 ‘evenire'
997 1764 1272 1813 subauditur,
1309 1766 1352 1802 et
1385 1766 1451 1803 est
1484 1766 1709 1813 σύλλημψις
1728 1763 1869 1802 tertia.

315 1840 333 1876 1
363 1849 474 1877 mmo
502 1850 575 1877 ITA
608 1849 775 1884 QUAEso
804 1842 955 1877 utrum
988 1839 1348 1878 meretricem
1383 1849 1437 1878 an
1469 1839 1598 1878 deos
1632 1840 1868 1887 quaeso?

257 1915 493 1961 utrumque
526 1914 642 1953 enim
675 1915 811 1962 accipi
843 1917 1004 1963 potest.

431 1989 452 2023 2
482 1990 545 2024 An
576 1990 738 2033 ‘quaeso
767 1999 892 2025 unum
922 1989 998 2025 hoc
1026 1990 1171 2026 scito'?

309 2069 399 2097 scm
438 2060 553 2098 unde
585 2061 697 2098 sciat
730 2060 864 2098 Thais
896 2062 1040 2109 inepte
1073 2061 1315 2110 quaeritur,
1351 2070 1450 2099 cum
1483 2060 1579 2109 ipsa
1611 2070 1680 2099 res
1713 2060 1872 2098 clamet

257 2144 498 2182 numquam
541 2137 655 2175 hanc
696 2137 1014 2186 condicionem,
1049 2139 1098 2175 ut
1129 2147 1204 2185 pro
1236 2146 1366 2175 serva
1397 2146 1444 2175 se
1471 2135 1672 2185 fingeret,
1706 2135 1866 2174 subitu-

255 2219 351 2248 rum
386 2209 625 2250 Chaeream
659 2213 756 2251 sine
789 2213 953 2252 amoris
986 2213 1192 2261 impulsu.

424 2294 531 2320 NUNc
559 2294 723 2322 renosco
753 2296 833 2322 TIBI
861 2287 964 2330 quod
993 2286 1109 2331 culpa
1138 2295 1218 2321 non
1249 2287 1300 2321 sit
1329 2286 1504 2321 hominis
1533 2286 1601 2321 sed
1631 2285 1792 2321 amoris,

307 2364 394 2393 NON
435 2367 548 2395 Anno
583 2368 820 2396 INHUMANO
853 2367 1032 2396 INGENIO
1060 2368 1146 2396 non
1174 2359 1369 2403 tanturn,
1397 2359 1610 2404 quantum
1638 2359 1788 2405 putas;
1821 2358 1870 2393 ut

256 2429 474 2479 Vergilius
504 2432 601 2471 ‘non
627 2433 782 2472 obtusa
809 2434 914 2472 adeo
941 2435 1172 2481 gestamus
1204 2436 1380 2481 pectora
1413 2433 1558 2471 Poeni’
1593 2433 1647 2476 (1.
1682 2432 1795 2471 597).

307 2506 331 2543 2
375 2505 424 2544 Et
466 2506 618 2555 ‘neque
661 2510 754 2547 tam
797 2504 1017 2557 imperita’
1060 2509 1219 2557 inquit,
1260 2509 1386 2556 quasi
1428 2509 1560 2557 dicat,
1600 2517 1739 2555 neque
1771 2508 1862 2545 tam

259 2582 414 2629 pudica
445 2593 563 2631 sum,
598 2586 645 2621 ut
676 2583 778 2631 quid
812 2593 935 2622 amor
969 2583 1115 2622 valeat
1147 2584 1357 2622 nesciam.

433 2657 450 2691 1
489 2666 619 2698 NEQUE
658 2667 739 2693 TAM
777 2667 968 2693 IMPERITA
1007 2668 1058 2693 U‘r
1097 2668 1191 2700 QUID
1230 2668 1341 2693 AMOR
1379 2668 1414 2694 v.
1444 2667 1483 2693 N.
1509 2658 1600 2693 ‘non
1631 2651 1866 2691 inhumano·

376 2710 467 2752 quia
494 2710 632 2755 homo,
664 2713 756 2747 ‘non
786 2711 984 2756 imperita⁷
1015 2712 1107 2755 quia
1137 2712 1339 2748 meretrix.

314 2790 365 2818 ΤΕ
397 2789 566 2825 QUOQUE
598 2792 680 2820 IAM
712 2793 846 2821 THAIS
878 2783 986 2821 bene
1018 2782 1240 2830 ‘quoque’:
1273 2793 1359 2822 non
1392 2783 1509 2821 enim
1541 2782 1629 2820 iam
1662 2780 1772 2818 hanc
1804 2779 1866 2816 ita

257 2857 393 2904 amat,
427 2858 475 2894 ut
508 2856 630 2895 illam
664 2858 884 2907 neglegat,
919 2859 994 2896 sed
1028 2859 1141 2897 hanc
1174 2859 1292 2897 illius
1325 2868 1469 2897 causa.

308 2940 388 2968 Por.
425 2941 512 2969 TIBI
544 2942 602 2970 AB
635 2943 727 2971 1s'r0
759 2944 797 2972 Ε.
832 2944 867 2972 c.
901 2943 1139 2972 INTELLEGO
1172 2933 1330 2982 facete,
1364 2935 1591 2980 tamquam
1624 2926 1696 2979 qui
1728 2928 1867 2968 soleat

257 3004 462 3052 capillum
495 3015 546 3045 ac
579 3009 751 3048 vestem
784 3009 1085 3056 conscindere,
1118 3018 1249 3056 quam
1282 3007 1510 3047 amaverit.
