2242 3443
966 222 1046 258 261

122 342 196 377 897
283 342 300 376 1
333 342 377 377 01.
412 343 496 378 199.
528 343 562 379 3.

121 403 197 438 899
277 403 300 437 4
329 403 494 439 falsum:
524 414 671 441 nomen
701 404 827 447 ignoti
857 404 1030 440 Critonis
1059 404 1168 440 Simo
1198 414 1276 439 non
1306 405 1563 450 percepisset.

121 464 198 499 900
226 465 267 499 et
297 465 373 500 903
399 465 509 501 falsa.
596 467 672 503 902
701 466 789 501 vide
818 476 941 510 supra
969 476 1005 502 v.
1037 466 1098 502 77.
1130 466 1165 504 3.

119 525 196 561 906
281 525 299 560 1
331 527 371 561 et
401 527 425 562 2
454 528 556 569 (sine
585 528 790 570 lemmate)
820 528 1034 563 coniuncta
1063 527 1245 563 Donatus
1274 526 1465 563 ediderat.
1491 527 1686 564 Redactor
1711 528 1880 563 inseruit

229 587 301 632 la,
341 597 441 631 quae
480 591 543 625 est
579 589 749 625 imitatio
781 589 927 625 Donati
957 589 997 634 2,
1027 598 1119 625 cum
1149 589 1425 625 additamento
1454 589 1612 634 inepto:
1643 590 1702 625 ‘ut
1730 600 1762 625 a.
1794 599 1826 625 e.
1855 590 1879 624 f.

226 649 355 684 doceri
384 651 539 693 possit’.

119 709 193 745 907
281 710 298 745 1
330 711 448 756 Eugr.
479 722 515 756 p.
547 712 607 747 79.
692 712 714 747 2
745 711 900 747 semovi
929 710 1076 755 quippe
1105 721 1128 747 a
1155 711 1240 747 loco
1269 711 1457 747 alienum.

120 770 196 807 912
279 771 302 807 2
331 772 376 807 01.
409 773 494 809 648.
526 773 561 809 2.
647 774 665 808 1
696 773 891 809 haustum
921 782 942 808 e
970 773 1014 808 D.
1046 773 1070 808 2
1099 773 1138 808 in
1167 772 1191 808 f.

120 832 196 868 913
279 833 301 868 3
330 843 462 878 nugae
491 834 640 879 petitae
671 844 691 870 0
721 835 764 871 D.
796 835 819 870 2
848 834 902 870 in.
986 833 1063 871 914
1094 835 1112 869 1
1143 834 1232 870 vide
1261 835 1308 870 ad
1338 834 1426 870 277.

119 893 196 930 919
278 895 302 930 2
330 895 418 931 vide
446 906 570 940 supra
598 897 658 932 ad.
693 897 777 933 184.
862 897 926 932 2α
955 896 1275 932 additamentum
1304 896 1540 940 languidum
1570 895 1735 930 semovi.

119 956 193 992 921
278 956 300 992 3
330 957 384 993 ‘et
412 959 572 1001 quaere’
603 958 767 994 Wessn.
794 958 909 994 Aem.
939 959 1039 1003 Asp.
1070 967 1106 1002 p.
1139 958 1200 993 22.
1285 958 1349 994 2α
1376 957 1422 993 01.
1451 957 1539 994 925.
1567 956 1876 992 1.Μῐ1.32.246.

120 1017 197 1053 924
278 1017 322 1054 01.
353 1020 401 1054 ad
431 1019 520 1055 446.
553 1019 643 1055 480.

119 1079 196 1115 925
279 1080 298 1116 1
329 1080 417 1116 vide
447 1090 571 1125 supra
597 1082 645 1117 ad
675 1081 748 1118 921
781 1081 844 1118 20⁶
871 1082 911 1117 et
941 1081 1087 1125 Speng.
1117 1081 1165 1116 ad
1193 1081 1232 1117 h.
1264 1081 1288 1116 1.

119 1140 196 1176 926
280 1142 298 1177 1
328 1141 443 1178 iuxta
469 1142 568 1178 Don.
598 1143 633 1188 2,
663 1144 703 1178 et
732 1142 904 1178 ‘evertit’
934 1142 1094 1178 falsum.

118 1202 196 1238 928
277 1203 300 1239 3
329 1203 374 1239 01.
404 1204 469 1239 lib.
499 1214 530 1239 3.
560 1204 584 1240 l.
615 1215 652 1250 p.
684 1204 770 1240 174.
856 1205 873 1240 1
907 1205 999 1241 ‘non
1030 1204 1218 1249 negantis
1248 1205 1324 1241 est'
1354 1214 1522 1250 prorsus
1552 1204 1749 1248 ineptum.

120 1264 198 1301 929
282 1265 342 1301 la
371 1265 532 1304 falsum.
562 1267 639 1301 Mn.
671 1266 732 1302 32.
764 1267 852 1303 246.

119 1325 198 1362 930
281 1327 299 1362 1
331 1327 538 1363 adnotatio
567 1337 610 1364 re
638 1330 679 1364 et
706 1328 834 1364 forma
863 1328 964 1364 satis
993 1328 1155 1364 misera.

120 1388 197 1424 933
279 1389 297 1423 1
328 1389 448 1433 Eugr.
490 1400 526 1434 p.
558 1390 630 1426 80:
660 1390 735 1426 hoc
764 1392 827 1426 est
855 1390 1019 1426 intende
1048 1391 1254 1435 auditum;
1290 1389 1364 1427 951
1398 1391 1431 1427 1.
1457 1391 1499 1427 2:
1531 1389 1770 1426 intentionis
1801 1390 1875 1425 est.

121 1448 199 1485 934
280 1450 357 1486 Mn.
389 1451 450 1488 32.
482 1451 554 1487 291
587 1452 677 1488 adn.
708 1452 743 1488 2.

123 1510 199 1546 935
285 1511 303 1546 1
335 1512 456 1547 nimis
486 1513 678 1550 otiosum.

119 1572 193 1609 937
280 1573 298 1609 1
330 1574 375 1610 01.
405 1575 493 1612 408.
525 1576 559 1612 3.
644 1576 707 1612 2α
734 1576 965 1621 insipidum.
995 1577 1072 1612 Mn.
1103 1576 1164 1612 32.
1196 1576 1284 1612 241.

118 1634 195 1671 939
279 1636 297 1670 1
329 1636 374 1672 01.
407 1637 494 1673 324.
526 1638 561 1674 2.
593 1638 680 1674 772.
765 1637 788 1674 3
817 1638 863 1675 01.
893 1639 984 1674 adn.
1015 1638 1162 1682 Speng.

279 1698 302 1733 2
341 1700 381 1734 et
419 1699 442 1735 5
481 1699 605 1736 schol.
643 1709 854 1744 perperam
893 1701 1011 1744 putat
1040 1700 1238 1744 ‘gaudere'
1269 1699 1307 1736 h.
1336 1699 1360 1735 1.
1391 1699 1616 1743 significare
1645 1698 1878 1743 ‘gratulari',

224 1759 456 1804 exemplum
496 1761 587 1797 Sall.
625 1761 723 1797 nihil
760 1762 920 1806 probat,
961 1761 1006 1798 cf.
1045 1761 1122 1797 Mn.
1158 1761 1220 1797 32.
1256 1761 1345 1797 218.
1438 1761 1502 1796 4α
1530 1761 1644 1796 iuxta
1673 1761 1696 1796 2
1725 1759 1882 1796 notavit

220 1819 382 1857 Wessn.
423 1822 628 1858 Scholium
670 1824 800 1859 denuo
839 1832 919 1858 non
948 1823 1124 1867 pertinet
1153 1823 1200 1858 ad
1228 1823 1336 1858 hunc
1363 1822 1526 1859 Terenti
1555 1823 1704 1867 locum,
1734 1822 1803 1857 sed
1832 1822 1880 1856 ad

224 1884 456 1928 exemplum
485 1885 650 1930 Donati,
679 1886 719 1921 et
746 1885 810 1921 vel
838 1886 885 1921 de
914 1885 987 1921 hoc
1017 1894 1099 1920 non
1126 1885 1281 1920 iustum
1306 1885 1386 1930 est,
1411 1884 1498 1920 vide
1523 1893 1647 1929 supra
1662 1883 1708 1919 ad
1727 1882 1788 1919 38.
1806 1882 1878 1918 3b.

120 1942 197 1980 940
278 1945 302 1980 2
330 1946 403 1982 Ad.
433 1946 521 1982 329.
554 1947 588 1982 1.
674 1946 738 1983 3a
766 1946 927 1983 notavit
955 1947 1118 1982 Wessn.

119 2004 193 2042 941
278 2007 342 2043 2α
370 2008 526 2044 notavit
555 2003 733 2053 Wessn.‚
763 2010 832 2044 sed
861 2009 967 2044 idem
995 2007 1199 2044 immerito
1226 2007 1349 2044 etiam
1372 2007 1543 2052 primam
1570 2005 1880 2052 partem.Dona-

224 2069 291 2103 tus
330 2069 482 2105 scholia
520 2069 595 2106 hoc
631 2070 767 2106 ordine
807 2070 964 2106 dedisse
993 2069 1172 2106 videtur:
1203 2069 1435 2114 exemplum
1463 2069 1620 2114 Lucilii,
1649 2067 1879 2112 exemplum

222 2129 371 2175 Plauti,
401 2131 489 2166 dein
521 2131 599 2167 ‘est
626 2132 764 2168 autem
793 2132 949 2176 scirpus
987 2153 1022 2156 —
1059 2131 1240 2176 species’.

118 2188 196 2226 946
278 2191 300 2227 3
332 2192 528 2228 scholium
559 2203 609 2229 ex
639 2203 685 2229 eo
716 2203 864 2237 genere
895 2194 999 2238 quod
1029 2193 1200 2229 tractavi
1229 2193 1268 2228 in
1297 2193 1381 2228 libr.
1412 2203 1444 2228 s.
1474 2192 1498 2227 l.
1528 2202 1566 2237 p.
1598 2191 1670 2228 158
1700 2190 1879 2235 sqq.‚ubi

223 2251 299 2288 1100
328 2254 464 2290 tamen
494 2255 763 2299 praetermisi.

120 2312 193 2350 947
278 2315 324 2351 cf.
354 2315 502 2360 Speng.
532 2317 622 2352 adn.
708 2316 786 2353 950
818 2317 835 2352 1
867 2316 988 2361 Eugr.
1020 2327 1056 2361 p.
1089 2316 1151 2353 82.

121 2374 194 2411 951
279 2376 303 2412 2
336 2377 426 2412 vide
456 2387 580 2422 supra
609 2378 658 2413 ad
689 2378 776 2414 667.
861 2378 937 2414 953
967 2378 1013 2414 cf.
1045 2378 1143 2414 Don.
1175 2378 1264 2416 922,
1294 2378 1371 2414 Mn.
1403 2376 1465 2413 32.
1496 2376 1584 2413 223.

118 2437 194 2473 955
277 2437 363 2474 vide
393 2439 516 2484 praet.
546 2449 583 2484 p.
613 2449 667 2474 x1.

119 2498 191 2535 957
279 2500 297 2535 1
339 2500 385 2536 cf.
426 2501 514 2537 301.
556 2501 598 2545 2;
631 2502 678 2537 de
709 2501 985 2546 ‘compendio''
1015 2500 1060 2537 cf.
1093 2501 1140 2537 ad
1171 2501 1260 2545 228,
1290 2500 1378 2544 965,
1409 2500 1497 2536 975.
1522 2500 1624 2535 Eun.
1652 2498 1738 2533 562.
1768 2496 1878 2532 1062·

276 2561 300 2596 4
328 2561 374 2598 01.
403 2563 495 2598 adn.
525 2564 672 2607 Speng.
756 2562 778 2599 3
808 2562 910 2598 satis
941 2563 1174 2607 obscurum,
1203 2562 1364 2598 videtur
1392 2571 1483 2597 esse
1511 2559 1766 2596 rhetoricum.

119 2621 195 2658 959
279 2623 297 2658 1
328 2623 418 2658 vide
448 2624 569 2668 praef.
602 2635 637 2669 p.
667 2634 751 2660 XIV.
835 2624 858 2660 2
888 2624 944 2660 sic
973 2624 1075 2660 alius
1105 2623 1303 2668 magister
1330 2623 1529 2659 conclusit
1557 2631 1608 2658 ex
1639 2622 1671 2657 1.

123 2684 196 2720 967
283 2685 301 2720 1
344 2684 511 2731 falsum,
554 2685 600 2721 cf.
644 2687 734 2721 adn.
774 2686 921 2730 Speng.
1004 2685 1027 2722 3
1065 2685 1289 2729 explicatur
1325 2685 1424 2720 Don.
1465 2685 1501 2729 2,
1530 2683 1682 2726 reliqua
1710 2689 1876 2725 prorsus

227 2755 546 2791 supervacanea,
577 2748 617 2782 et
646 2747 735 2782 vide
763 2747 1031 2783 latinitatem!
1062 2747 1116 2782 Of.
1145 2747 1266 2790 Eugr.
1296 2756 1333 2790 p.
1364 2746 1426 2784 84.

122 2806 198 2842 970
283 2808 301 2843 1
333 2818 404 2852 per
431 2808 489 2843 ‘ut
518 2808 709 2844 diximus’
743 2808 889 2852 repetit
917 2808 1017 2843 Don.
1046 2809 1094 2843 ad
1126 2808 1214 2844 969.
1244 2806 1367 2852 praef.
1397 2816 1434 2851 p.
1463 2815 1533 2840 ΧΠ.

123 2868 196 2904 977
281 2869 453 2905 Euanth.
482 2869 543 2905 ΙΙΙ
572 2869 595 2905 9
625 2871 666 2905 et
697 2879 821 2914 supra
847 2870 895 2905 ad
924 2880 960 2905 v.
993 2869 1083 2906 301.

123 2928 196 2964 981
280 2930 304 2967 2
331 2930 538 2975 ineptum;
569 2931 614 2968 cf.
646 2932 735 2967 adn.
765 2931 914 2976 Speng.
