2242 3443
125 791 197 827 778

126 1093 200 1130 780

125 1169 195 1205 781

125 1244 198 1280 782

127 1466 200 1503 783

128 1838 201 1875 784

125 2059 196 2096 785

130 2355 202 2391 786

131 2429 199 2466 787

131 2655 202 2692 788

132 2806 204 2842 789

105 2956 203 2993 ’790

974 181 1030 219 93

267 306 381 344 fores
412 305 582 354 positus
609 305 793 344 iacebat.
825 306 848 343 2
877 315 1139 343 PRovoLvAM
1167 315 1303 349 TEQUE
1331 316 1357 343 1.
1389 316 1469 343 PER
1497 317 1523 344 1.
1553 318 1590 345 L.
1610 308 1660 346 de
1679 309 1878 356 proximo

266 379 489 430 παρόμοιον
532 382 750 429 repetivit.
795 381 847 420 (α)
891 382 916 418 3
958 391 1219 419 PROVOLVAM
1256 390 1383 428 porro
1418 381 1606 419 volvam.
1641 386 1664 421 4
1699 384 1750 421 Et
1783 385 1878 422 dolo

266 458 441 504 quidem
484 458 677 496 minatur
719 458 832 505 quod
864 457 1058 496 facturus
1091 466 1177 494 non
1210 457 1293 504 est,
1328 466 1481 494 verum
1514 457 1663 496 sedulo
1696 459 1736 496 id
1771 460 1879 507 agit,

269 534 316 571 ut
345 533 433 571 iam
466 543 571 581 puer
602 533 783 572 tollatur
816 543 838 572 e
871 533 1030 571 medio.
1065 536 1121 572 (α)

440 608 461 642 2
493 617 517 641 α
541 608 699 651 quando
724 608 888 643 nomina
913 610 1011 642 sunt
1034 606 1305 649 παρονομασία,
1331 607 1487 649 quando
1513 607 1650 650 verba,
1673 610 1878 651 παρόμοιον

385 660 538 696 dicitur.
579 663 600 696 4
639 671 663 695 α
691 661 810 697 simul
838 661 945 696 enim
974 662 1110 696 servat
1140 660 1354 704 Chremeti,
1384 662 1427 695 ut
1457 660 1544 704 ipse
1572 666 1731 697 recuset
1762 672 1880 705 geue-

383 724 489 759 rum,
522 724 602 750 non
632 717 676 750 ut
706 725 727 750 a
755 724 958 759 quoquam
988 723 1136 759 passus
1169 714 1352 749 videatur
1380 714 1580 750 iniuriam.

330 787 349 824 1
396 796 474 824 POL
516 796 636 824 HOMO
679 796 765 824 NON
802 797 852 824 Es
884 797 919 823 s.
955 785 1156 824 ‘sobrius’
1191 787 1260 823 est
1291 795 1424 823 sanae
1456 786 1618 823 mentis
1652 786 1775 833 quasi
1807 797 1876 824 se-

271 861 446 914 brius‚
489 862 568 900 hoc
609 868 677 900 est
718 862 843 909 quasi
876 863 1106 909 separatus
1139 860 1190 898 ab
1224 860 1353 909 ebrio,
1388 863 1436 899 ut
1469 864 1727 899 secretus
1759 872 1875 909 sepa-

268 938 392 975 ratus
431 937 483 975 ab
526 938 594 975 his
635 937 709 984 qui
741 939 990 976 cernuntur.
1025 938 1049 975 2
1081 947 1300 975 FALLACIA
1332 947 1439 974 AL1A
1470 947 1611 975 ALIAM
1643 948 1679 976 T.
1710 948 1877 985 prover-

267 1013 404 1062 bium,
434 1014 501 1052 cui
529 1013 724 1052 subiacet
755 1023 1055 1052 memorem
1088 1014 1413 1052 mendacem
1446 1023 1569 1052 esse
1601 1015 1877 1061 oportere.

325 1099 457 1127 CIVEM
488 1099 682 1127 ATTICAM
714 1099 814 1127 EsSE
846 1100 891 1128 H.
925 1089 1085 1127 transit
1118 1089 1170 1127 ad
1202 1089 1509 1127 imitationem.

323 1175 385 1203 AU
416 1165 660 1203 interiectio
694 1167 763 1203 est
795 1165 1079 1204 conturbatae
1112 1164 1323 1203 mulieris.

325 1250 596 1279 IOOULARIUM
637 1251 684 1278 IN
725 1251 884 1279 MALUM
928 1251 949 1279 e
993 1240 1235 1279 contrario:
1271 1250 1345 1288 pro
1378 1241 1504 1287 gravi
1536 1242 1579 1279 et
1611 1240 1797 1279 molesto
1830 1250 1879 1278 ac

271 1316 405 1355 nimio
439 1316 694 1355 iocosum
729 1324 797 1363 (α).

442 1400 467 1425 α
495 1399 590 1434 ergo
621 1391 705 1424 κατ’
732 1391 965 1434 ἀντίφρασιν.

330 1463 350 1499 1
397 1471 494 1506 Qms
534 1473 608 1501 HIC
651 1472 868 1507 LOQUITUR
909 1472 932 1501 O
976 1473 1150 1501 CHREME
1194 1463 1456 1511 principium
1497 1462 1699 1510 loquendi
1731 1461 1879 1500 Davus

269 1537 489 1576 Chremeti
521 1538 597 1576 dat
628 1539 835 1587 perfectis
867 1548 977 1586 quae
1010 1539 1102 1586 ipse
1136 1540 1321 1577 conatus
1354 1540 1434 1577 est.
1464 1539 1502 1576 2.
1531 1548 1612 1576 PER
1639 1548 1807 1576 TEMPUS
1834 1549 1877 1576 A.

269 1613 384 1652 idem
417 1615 486 1652 est
518 1612 607 1662 ‘per
633 1615 823 1662 tempus'
852 1614 965 1662 quod
993 1615 1045 1652 in
1078 1616 1346 1662 tempore,
1380 1618 1405 1651 4
1434 1624 1456 1652 0
1485 1623 1659 1652 CHREME
1677 1623 1759 1651 PER
1775 1624 1877 1651 TEM-

268 1699 347 1727 Pus
377 1701 420 1728 A.
455 1692 619 1739 astute,
654 1693 779 1738 quasi
811 1701 912 1729 eum
944 1701 1060 1729 nunc
1092 1690 1282 1739 primum
1316 1690 1486 1729 viderit.

440 1764 462 1799 3
492 1766 576 1800 Aut
604 1766 710 1800 certe
741 1765 823 1809 ‘per
851 1763 1030 1808 tempus’
1060 1764 1315 1809 tempestive.

330 1838 348 1873 l
383 1846 449 1873 ΑΗ
480 1845 561 1874 NEc
593 1846 649 1874 TU
677 1846 816 1875 OMNIA
843 1838 919 1874 aut
948 1835 1056 1875 ‘nec’
1085 1846 1162 1885 pro
1190 1846 1295 1875 non
1323 1835 1502 1885 legitur,
1520 1836 1597 1874 aut
1618 1833 1684 1874 ‘ne
1702 1835 1879 1882 omnia),

266 1912 315 1949 ut
345 1921 399 1950 ne
432 1912 697 1960 producatur-
728 1913 772 1950 et
804 1912 1044 1960 accipiatur
1076 1922 1153 1960 pro
1186 1922 1306 1951 non.

442 1985 463 2020 2
492 1995 567 2021 NEO
597 1995 649 2021 TU
679 1995 806 2021 OMNIA
836 1986 1009 2022 ‘audisti'
1040 1986 1293 2022 subauditur.

313 2058 333 2095 1
367 2067 546 2096 AUDISTI
578 2068 765 2096 OBSECRO
798 2068 892 2096 HEM
920 2058 1154 2096 exsultans
1180 2057 1329 2097 Davus
1357 2057 1490 2096 infert
1514 2058 1558 2095 et
1584 2056 1775 2095 inculcat
1800 2056 1877 2094 fre-

265 2135 448 2180 quenter
489 2134 724 2182 repetendo
758 2133 964 2173 ‘audisti'.
1000 2135 1024 2172 2
1057 2144 1236 2173 AUDISTI
1268 2145 1305 2173 O.
1338 2144 1432 2172 HEM
1465 2132 1636 2171 difficile
1669 2132 1879 2171 credendo

266 2208 454 2247 affirmat
495 2219 580 2247 non
625 2209 810 2248 scivisse
852 2211 1154 2258 praesentem,
1196 2213 1245 2248 ut
1285 2210 1365 2248 hac
1408 2207 1734 2247 confirmatione
1772 2207 1878 2244 nihil

267 2283 391 2322 illum
425 2285 475 2323 de
507 2294 554 2323 se
586 2284 723 2323 faciat
755 2285 985 2333 suspicari.

439 2368 480 2393 IN
509 2368 742 2394 ORUCIATUM
770 2368 816 2393 HI
844 2369 882 2394 A.
912 2368 986 2394 nec
1016 2359 1066 2394 ‘in
1098 2359 1268 2394 crucem⁵
1299 2359 1367 2394 sed
1400 2359 1450 2393 ‘in
1481 2355 1726 2394 cruciatum’.

331 2429 350 2467 1
390 2439 464 2467 Hic
496 2440 571 2468 EST
604 2441 700 2468 ILLE
734 2429 834 2468 ‘ille’
869 2440 970 2469 cum
1004 2430 1206 2479 emphasi
1238 2429 1362 2478 quasi
1395 2429 1479 2467 vir
1511 2438 1766 2477 magnus;
1801 2427 1875 2465 sed

271 2503 351 2542 hoc
392 2504 670 2544 Chremetem
714 2506 951 2544 ostendens
992 2506 1097 2544 dicit
1133 2515 1232 2544 cum
1266 2505 1418 2544 ironia.
1454 2506 1477 2542 2
1511 2514 1598 2542 NON
1630 2515 1680 2542 TE
1713 2513 1875 2541 CREDAS

272 2589 312 2617 D.
345 2589 383 2618 L.
416 2579 634 2629 Vergilius
668 2581 767 2620 ‘non
799 2581 1024 2620 Diomedis
1056 2590 1190 2629 equos
1221 2591 1262 2620 n.
1293 2591 1327 2619 c.
1356 2591 1390 2619 c.
1419 2580 1486 2618 A.’
1513 2581 1634 2620 (Aen.
1667 2579 1731 2617 10.
1761 2578 1874 2621 581).

330 2656 350 2693 1
383 2665 508 2694 NIHIL
540 2667 619 2695 POL
650 2668 775 2695 FALSI
803 2668 898 2695 DIXI
924 2667 974 2695 MI
1002 2667 1142 2695 SENEX
1169 2657 1276 2695 bene
1304 2656 1482 2703 ‘senex',
1511 2655 1612 2702 quia
1637 2653 1761 2700 quasi
1777 2652 1875 2691 alie·

270 2729 364 2768 nior
396 2733 462 2769 est
493 2734 537 2770 et
568 2733 744 2779 ignotus
776 2733 946 2780 Mysidi.
981 2734 1004 2770 2
1038 2743 1087 2770 MI
1120 2743 1154 2771 s.
1188 2731 1461 2779 subpalpatio
1494 2729 1733 2768 muliebris.

327 2816 383 2844 NE
424 2817 483 2844 ME
522 2818 741 2846 ATTINGAS
783 2808 996 2855 quaedam
1035 2808 1325 2846 ostenduntur
1366 2808 1513 2854 aperte
1545 2805 1587 2842 in
1621 2802 1872 2850 comoediis,

269 2881 485 2928 quaedam
519 2893 573 2921 ex
606 2884 704 2922 aliis
736 2884 937 2932 personis
968 2883 1299 2931 intelleguntur.

326 2967 364 2997 Sl
381 2967 459 2995 POL
477 2967 689 2997 GLYCERIO
708 2969 794 2997 NON
812 2969 952 2998 OMNIA
968 2969 1084 2997 HAEC
1102 2956 1375 3006 ἀποσιώπησις
1392 2957 1541 3004 tertia,
1561 2955 1671 3002 quod
1689 2953 1871 3001 <quae-

271 3030 432 3079 dam>
474 3033 644 3074 alienae
686 3045 897 3083 personae
939 3034 1251 3073 intercessione
1283 3033 1534 3071 reticentur.
1566 3030 1695 3068 Fiunt
1725 3030 1872 3067 autem
