2242 3443
994 1038 1364 1090 PHORMIO

350 1351 560 1387 Scholia
589 1352 858 1388 rhetorica
888 1354 934 1389 ad
965 1352 1249 1389 Phormionem
1281 1363 1359 1389 non
1386 1354 1514 1390 multa
1544 1354 1642 1389 sunt
1671 1362 1853 1389 numero.
1883 1352 2066 1388 Donatus

298 1423 465 1450 scaenae
496 1414 534 1449 ΙΙ
566 1414 583 1449 1
614 1415 769 1458 partem
800 1414 969 1450 alteram
998 1415 1196 1451 rhetorice
1224 1417 1523 1459 quodammodo
1550 1415 1781 1461 illustravit,
1812 1416 1858 1450 ut
1881 1415 2067 1459 probaret

298 1479 440 1520 poetae
480 1477 754 1512 oeconomiam
791 1477 830 1512 in
860 1477 1109 1522 Antiphonis
1139 1477 1373 1514 defensione
1402 1478 1636 1524 adhibitam,
1667 1478 1770 1519 (vide
1800 1477 1874 1514 275
1904 1477 1929 1514 2
1953 1473 2004 1526 -Ι-
2029 1476 2065 1523 3,

298 1538 370 1573 281
413 1538 447 1582 2,
489 1538 563 1575 293
603 1538 638 1584 3,
668 1539 743 1576 294
777 1540 807 1575 1.
841 1539 876 1582 2,
907 1539 1060 1584 aliaque
1091 1540 1236 1576 similia
1265 1542 1312 1576 ad
1344 1550 1426 1576 vss.
1458 1540 1749 1586 interpositos).
1780 1540 1942 1576 Praeter
1969 1539 2067 1575 haec

298 1600 600 1636 semirhetorica
625 1601 815 1645 leguntur
841 1601 930 1639 348.
963 1603 996 1646 1,
1027 1602 1114 1639 357.
1150 1603 1183 1646 1,
1213 1602 1300 1640 367.
1334 1605 1368 1648 1,
1398 1603 1486 1640 453.
1521 1603 1555 1639 1.
1585 1603 1872 1648 Magistrorum
1902 1601 2066 1646 scholia,

298 1662 532 1706 plerumque
571 1664 824 1707 brevissima,
858 1664 1124 1700 inveniuntur
1162 1666 1315 1709 passim
1355 1666 1401 1701 ad
1443 1665 1519 1701 hos
1557 1675 1640 1701 VSS.
1682 1665 1801 1710 proL:
1845 1664 1878 1701 1.
1913 1665 1973 1702 16.
2003 1663 2065 1701 30.

299 1723 346 1759 35
386 1723 437 1767 (3.
477 1725 514 1765 6)
549 1725 598 1761 96
630 1727 677 1766 (1.
709 1724 767 1770 3);
800 1726 889 1764 100.
918 1726 954 1764 9.
986 1725 1034 1762 25
1065 1725 1113 1763 27
1148 1726 1198 1768 (1.
1228 1727 1280 1769 4).
1314 1726 1383 1771 28;
1415 1726 1505 1764 231.
1536 1728 1600 1764 58.
1631 1726 1692 1764 63.
1723 1727 1785 1764 70.
1816 1726 1879 1763 73.
1909 1725 1972 1763 72.
2001 1725 2065 1763 81.

297 1785 367 1829 86;
409 1786 495 1822 366.
535 1787 604 1830 74;
646 1786 734 1823 411.
779 1787 839 1826 13.
883 1788 942 1824 15.
984 1788 1046 1824 51.
1082 1788 1144 1825 56.
1184 1789 1247 1825 58.
1286 1789 1348 1825 59.
1382 1789 1444 1826 85.
1474 1788 1538 1826 93.
1567 1789 1639 1834 96;
1672 1789 1768 1834 567;
1801 1787 1875 1826 733
1905 1798 1963 1833 sq.
1993 1787 2064 1831 513

298 1847 395 1892 990;
428 1848 542 1886 1014.
574 1850 620 1885 17
653 1851 701 1890 (1.
733 1849 782 1891 2).

350 1910 405 1945 De
448 1910 611 1946 scholiis
647 1914 783 1947 autem
823 1913 872 1948 ad
911 1911 1198 1949 Phormionem
1237 1913 1376 1957 primis
1417 1924 1452 1949 v,
1496 1914 1624 1951 1-60
1665 1914 1739 1949 hoc
1768 1913 2065 1949 observandum

297 1973 373 2016 est,
412 1973 458 2008 ad
498 1973 679 2009 Codicem
720 1974 961 2010 Bembinum
1004 1976 1195 2019 excerpta
1233 1985 1283 2011 ex
1321 1976 1370 2011 iis
1408 1976 1580 2012 inveniri
1608 1975 1790 2020 longiora
1816 1974 2069 2011 et‘breviora

298 2035 415 2070 modo
455 2036 575 2071 verbo
609 2037 730 2071 tenus
770 2036 915 2072 similia
954 2038 1071 2072 modo
1101 2037 1191 2081 plus
1232 2038 1421 2074 minusve
1457 2038 1740 2083 discrepantia,
1768 2047 1859 2073 cum
1891 2037 2066 2081 alioquin

297 2097 407 2133 nulla
445 2097 688 2133 scholiorum
724 2098 945 2134 similitudo
974 2100 1026 2135 sit
1052 2100 1161 2135 inter
1190 2101 1467 2136 commentum
1497 2102 1537 2136 et
1565 2100 1772 2137 Bembina.
1803 2099 1900 2136 Cum
1930 2102 2068 2135 autem

298 2161 344 2194 ad
384 2159 557 2195 codicem
595 2160 625 2195 Β
665 2170 712 2195 ea
741 2161 946 2205 adscripta
974 2161 1055 2197 iam
1086 2171 1178 2198 esse
1206 2162 1423 2198 videantur
1453 2163 1613 2199 saeculo
1641 2162 1698 2198 VI
1727 2161 1849 2198 ‘nulla
1877 2171 1920 2198 re
1947 2162 2067 2206 impe·

298 2222 439 2267 dimur,
485 2221 578 2265 quin
623 2221 752 2259 medio
790 2222 871 2258 fere
909 2223 1069 2259 saeculo
1109 2223 1163 2258 VI
1204 2233 1306 2269 eam,
1346 2234 1448 2268 quae
1481 2226 1658 2261 aetatem
1688 2224 1793 2268 tulit,
1822 2223 2066 2259 scholiorum

298 2284 630 2320 Terentianorum
683 2285 959 2320 recensionem
1010 2295 1101 2321 esse
1154 2288 1283 2321 ortam
1338 2287 1577 2322 sumamus'.
1629 2286 1691 2323 Sic
1737 2285 1900 2322 Wessn.
1945 2284 2065 2330 praef.

299 2356 333 2390 p.
365 2345 567 2381 XXXVII
597 2348 637 2381 et
666 2346 786 2382 XLV.

327 2409 345 2443 1
432 2407 456 2443 2
486 2408 531 2443 cf.
566 2409 637 2443 Ad.
668 2409 766 2452 prol.
802 2409 834 2444 1.
922 2408 942 2444 1
974 2408 1077 2445 rhet.

326 2469 348 2504 2
433 2469 455 2506 3
486 2470 532 2505 of.
567 2470 651 2507 123.
686 2472 719 2515 1,
753 2471 836 2508 194.
868 2472 904 2507 5.
935 2471 1035 2507 Eun.
1067 2471 1156 2509 261.
1186 2472 1222 2509 3.
1307 2474 1331 2509 6
1359 2472 1382 2510 3
1413 2473 1458 2510 of.
1489 2474 1567 2509 An.
1593 2462 1695 2510 9j2.

329 2533 346 2566 7
436 2534 453 2568 1
488 2533 607 2576 Eugr.
636 2534 695 2568 ad.
728 2544 764 2568 v.
796 2533 818 2570 6
851 2544 908 2577 sq.
994 2535 1041 2570 11
1069 2534 1115 2570 cf.
1145 2536 1222 2570 An.
1251 2534 1342 2572 526.
1428 2535 1476 2572 12
1509 2537 1528 2572 1
1559 2536 1633 2573 Ad.
1659 2534 1721 2571 30.
1752 2533 1787 2570 3.

300 2594 349 2629 13
432 2594 627 2638 ineptum.
719 2596 768 2631 16
801 2596 819 2630 1
851 2595 968 2641 rhet.,
999 2596 1144 2632 similia
1173 2596 1255 2633 fere
1289 2597 1408 2641 Eugr.
1439 2597 1478 2632 in
1509 2597 1587 2634 fine
1617 2595 1971 2641 praefatiunculae.
1997 2595 2021 2632 2
2042 2604 2066 2630 α

380 2665 449 2700 per
478 2656 568 2691 hoc
599 2658 679 2692 est
709 2658 855 2701 repetit
886 2658 1044 2693 initium
1077 2658 1230 2694 scholii.

301 2718 347 2753 17
436 2718 454 2753 1
496 2717 656 2753 Wessn.
696 2719 734 2753 in
773 2729 864 2763 app.
905 2719 1050 2755 merito
1091 2720 1165 2756 sic:
1208 2720 1300 2756 ‘non
1341 2721 1442 2757 satis
1480 2720 1687 2765 intellegO,
1718 2719 1811 2764 quid
1840 2719 1916 2755 sibi
1945 2718 2069 2755 velint

378 2789 522 2815 versus
554 2780 794 2825 Vergiliani;
824 2782 863 2816 in
894 2781 1055 2817 scholiis
1086 2782 1290 2818 Bembinis
1321 2783 1499 2819 desunt’.

300 2841 350 2877 20
434 2841 452 2876 1
494 2853 517 2874 «ι
555 2842 652 2877 nihil
690 2843 770 2878 tale
808 2843 994 2879 innuitur
1031 2844 1069 2878 in
1110 2846 1240 2880 textu.
1325 2845 1348 2882 2
1385 2845 1533 2881 falsum
1571 2847 1611 2881 et
1648 2846 1790 2880 contra
1821 2844 1921 2880 Don.
1953 2843 1995 2888 1;
2025 2842 2063 2878 in

377 2903 538 2939 scholiis
565 2904 612 2939 ad
639 2905 871 2949 exemplum
899 2905 1017 2949 Verg.
1036 2905 1199 2941 Servius
1217 2905 1893 2951 repraesentatinterpretationem
1909 2904 2066 2950 Donati,

380 2964 631 3001 Danielinum
671 2967 861 3002 alteram:
893 2976 991 3003 sane
1021 2968 1201 3003 certasse
1230 2969 1391 3012 quidam
1422 2978 1740 3013 provocasse
1769 2967 1993 3011 accipiunt5
2021 2966 2068 3002 ut

380 3025 592 3062 Terentius
636 3027 690 3068 (h.
715 3027 755 3068 l.)
791 3029 846 3064 De
885 3028 1128 3065 scholiastae
1167 3030 1339 3066 formula
1376 3031 1428 3066 ab
1467 3039 1522 3066 eo
1557 3031 1687 3074 quod
1720 3028 1990 3075 praecedit
2019 3027 2065 3063 id

376 3090 502 3131 quod
535 3090 746 3133 sequitu
760 3100 778 3125 1·
808 3091 897 3125 vide
927 3090 964 3125 in
996 3090 1249 3127 Praefatione
1281 3094 1321 3128 et
1350 3093 1440 3128 adn.
1473 3092 1533 3128 ad.
1564 3092 1639 3128 An.
1669 3092 1734 3128 49.

297 3148 346 3184 23
431 3149 449 3184 1
490 3160 513 3184 (ι
552 3151 871 3187 additamentum
912 3152 999 3187 sine
1041 3152 1158 3188 dubio
1199 3153 1361 3189 falsum.
1446 3153 1469 3190 2
1502 3163 1713 3198 perperam
1743 3152 1897 3190 iunxit:
1928 3152 2062 3189 ‘finem
2099 3182 2101 3184 .
