2242 3443
309 946 385 982 336

308 1813 385 1848 339

308 2056 385 2093 340

311 2274 388 2311 342

309 2365 386 2403 343

307 2536 383 2572 344

308 2851 384 2887 345

307 3018 384 3054 34ss

1166 232 1222 271 48

458 359 559 398 divi’
605 364 659 402 (v.
704 359 787 398 301
836 359 943 406 31.),
988 358 1100 406 quod
1133 367 1305 397 memor
1340 358 1410 397 est
1441 356 1659 396 Charinus
1691 367 1737 396 se
1769 367 1855 397 non
1888 357 2077 398 libenter

456 436 645 474 audisso.
681 436 704 473 2
740 445 874 473 FUGIN
906 444 1010 473 HiNc
1044 433 1359 473 comminantis
1392 435 1459 472 est
1492 434 1534 472 et
1561 433 1779 482 abigentis
1807 444 1832 473 a
1857 444 1918 474 se.
1947 435 2072 475 32⁶0

458 522 565 550 veno
609 522 663 550 Ac
705 521 872 549 LUBNNs
905 521 1035 550 nemo
1067 509 1178 550 liber
1210 510 1323 558 fugit
1354 510 1440 548 nisi
1473 509 1739 549 necessitate
1771 512 1967 561 coactus,
2002 511 2074 551 hic

455 588 592 626 etiam
628 587 794 626 ‘libens’
830 587 961 634 dixit,
994 586 1107 634 quod
1142 587 1210 625 est
1241 585 1442 625 libenter.

1170 771 1208 809 2.

519 944 537 980 1
572 952 616 980 DI
659 951 761 980 BONI
803 952 905 980 BONI
948 952 1051 986 Qum
1085 952 1122 981 P.
1158 942 1264 981 haec
1295 951 1458 980 scaena
1490 940 1724 980 consilium
1758 941 1955 980 continet
1984 951 2074 991 per—

456 1028 667 1057 sonarum
716 1018 769 1056 ad
816 1028 925 1066 quas
972 1019 1167 1057 maxime
1211 1019 1399 1067 pertinet
1441 1019 1774 1067 argumentum,
1819 1019 1864 1057 et
1904 1017 1974 1057 hic
2006 1018 2074 1058 est

455 1094 595 1144 locus,
629 1094 674 1133 in
707 1104 790 1142 quo
823 1096 873 1133 ut
904 1092 997 1133 fieri
1030 1094 1144 1133 solet
1171 1094 1348 1134 fortuna
1374 1094 1518 1133 mixta
1545 1093 1675 1133 rebus
1703 1093 1929 1143 dispositis
1955 1103 2073 1142 mag·

457 1181 536 1210 nas
584 1171 735 1210 turbas
783 1170 871 1209 dat.
916 1171 941 1209 2
984 1181 1029 1209 m
1072 1181 1173 1210 BON1
1205 1182 1244 1210 B.
1280 1181 1316 1216 Q.
1352 1182 1389 1210 P.
1424 1181 1510 1210 non
1544 1172 1706 1210 mirum
1741 1170 1854 1219 quod
1886 1169 2073 1210 insolen-

456 1248 547 1286 tius
579 1246 728 1286 Davus
761 1246 974 1296 exsultat,
1008 1248 1081 1295 qui
1114 1249 1163 1286 ut
1195 1247 1317 1286 Simo
1345 1247 1518 1287 dicebat
1544 1249 1599 1290 (v.
1635 1247 1954 1296 174)‚timidus
1970 1247 2073 1297 fuit,

457 1326 507 1362 ut
537 1324 630 1373 ipse
662 1323 810 1362 Davus
842 1327 897 1368 (v.
937 1324 1046 1372 175),
1080 1324 1215 1363 etiam
1249 1324 1500 1372 desperavit
1532 1334 1587 1362 ex
1614 1323 1867 1373 nuptiarum
1895 1325 2074 1376 terrore,

457 1410 566 1447 quas
614 1409 729 1439 nunc
770 1399 910 1438 falsas
953 1400 1177 1448 comperit.
1224 1401 1248 1438 3
1292 1411 1336 1438 DI
1369 1410 1472 1439 BoNI
1505 1410 1608 1439 BONI
1640 1410 1677 1446 Q.
1711 1411 1749 1440 P.
1784 1410 1839 1440 ex
1870 1399 2074 1449 proximo

458 1476 663 1525 repetivit
704 1475 788 1525 bis,
833 1475 909 1514 sed
951 1477 1102 1515 tamen
1144 1476 1335 1516 alterum
1369 1477 1642 1516 nominativo
1675 1476 1852 1526 plurali,
1885 1475 2074 1516 alterum

457 1553 661 1601 genetivo
709 1551 922 1601 singulari
968 1552 1135 1592 dictum
1179 1554 1260 1592 est.
1304 1554 1329 1591 4
1371 1563 1473 1592 BONr
1506 1563 1609 1598 Qun)
1641 1563 1776 1592 pomo
1808 1562 1896 1591 non
1927 1551 2073 1592 solum

457 1629 576 1668 enim
609 1638 788 1678 corpore
821 1628 899 1668 sed
928 1629 1063 1668 etiam
1091 1629 1237 1668 animo
1264 1631 1492 1679 portamus
1519 1631 1613 1669 tam
1641 1629 1757 1668 bona
1783 1638 1914 1678 quam
1932 1627 2071 1676 mala;

457 1706 518 1744 sic
552 1705 655 1743 alibi
689 1704 755 1744 ‘ne
788 1704 888 1752 quid
924 1705 1090 1743 Andria
1122 1714 1160 1744 a.
1194 1706 1268 1744 1113
1303 1708 1356 1747 (v.
1393 1705 1476 1747 73).

514 1818 569 1845 UT
612 1817 765 1845 METUM
806 1816 852 1844 1N
895 1816 977 1851 QUO
1020 1816 1138 1845 NUNC
1179 1817 1253 1847 EST
1288 1816 1404 1845 CETT.
1438 1806 1588 1846 ordine
1621 1806 1794 1846 locutus
1827 1807 1918 1845 est:
1951 1805 2072 1854 prius

456 1884 574 1923 enim
607 1884 780 1922 metum
814 1883 1021 1932 adimere,
1055 1883 1119 1922 sic
1151 1883 1331 1922 demum
1363 1883 1521 1932 gaudio
1555 1883 1831 1933 perfundere.
1859 1868 1941 1922 Hic
1967 1881 2072 1921 ordo

455 1959 590 1998 etiam
623 1959 666 1997 in
699 1958 826 1997 laude
859 1960 1075 1998 servatur.

514 2051 538 2089 2
575 2060 735 2092 Nescm,
757 2060 861 2096 Qum
896 2051 1160 2091 adverbiale.

631 2126 649 2161 1
686 2135 840 2161 LAETUS
869 2136 939 2162 EST
968 2135 1106 2162 ancm
1137 2136 1233 2168 an
1262 2127 1375 2163 deest
1406 2127 1608 2173 ‘propter’,
1637 2127 1683 2162 ut
1711 2126 1784 2162 sit:
1817 2126 1981 2172 propter
2009 2133 2074 2161 ne-

573 2179 655 2215 scio
683 2180 789 2223 quid.

519 2279 819 2308 EXANIMATUM
850 2278 887 2314 Q.
920 2269 1205 2318 perterritum
1238 2270 1281 2308 et
1313 2269 1634 2318 perturbatum.

514 2371 591 2400 SED
626 2372 700 2400 UBI
734 2372 944 2407 QUAERAM
977 2371 1059 2407 QUO
1092 2372 1209 2401 NUNC
1241 2363 1285 2401 in
1317 2372 1472 2401 omnes
1498 2372 1546 2401 se
1574 2362 1723 2402 versat
1747 2362 1915 2411 partes,
1942 2368 2068 2408 quae-

455 2448 559 2477 rens
591 2448 674 2486 quo
707 2438 865 2487 dirigat
895 2449 1088 2478 cursum.

514 2531 537 2569 2
566 2541 712 2570 HABEO
740 2531 911 2579 inveni;
940 2531 1101 2580 legitur
1127 2533 1172 2571 et
1190 2530 1341 2580 ‘abeo’,
1360 2534 1408 2570 ut
1424 2531 1582 2570 merito
1600 2530 1664 2569 illi
1682 2530 1851 2570 dicatur
1870 2528 2070 2569 ‘resiste’

456 2608 480 2646 3
525 2617 622 2653 Quis
653 2618 774 2646 Homo
807 2617 881 2646 EST
914 2618 986 2652 Qui
1019 2618 1078 2646 ME
1111 2618 1133 2646 o
1167 2618 1391 2646 PAMPHILE
1425 2609 1527 2646 ante
1559 2606 1686 2656 vidit,
1719 2615 1852 2654 quam
1885 2604 2070 2655 comple·

454 2685 522 2722 ret
554 2684 812 2722 orationem.

631 2759 646 2793 1
676 2768 778 2794 Aeso
804 2758 963 2793 videtur
986 2758 1100 2801 quasi
1124 2758 1378 2803 constitisse,
1394 2757 1484 2793 dein
1500 2757 1616 2801 quasi
1631 2756 1802 2801 elegisse
1818 2766 1896 2800 quo
1912 2756 2068 2801 pergat.

517 2848 535 2884 1
571 2855 685 2884 EUGE
728 2855 924 2884 cnmeE
967 2844 1105 2893 ‘euge'
1145 2845 1274 2884 modo
1307 2855 1382 2893 pro
1417 2844 1726 2883 interiectione
1758 2844 1951 2893 positum
1984 2844 2065 2882 est.

456 2922 480 2960 2
522 2931 642 2960 AMsso
685 2930 936 2959 OPPORTUNE
980 2920 1103 2959 deest
1145 2919 1355 2968 ‘adestis’,
1392 2929 1501 2958 non:
1537 2918 1793 2968 ‘opportune
1826 2929 1906 2959 vos
1937 2918 2067 2958 volo’.

517 3016 536 3052 1
575 3024 694 3052 DAVE
723 3024 836 3052 Pnssu
870 3013 1091 3061 proprium
1123 3012 1373 3052 dolentibus
1405 3011 1719 3060 praefestinare
1752 3011 1806 3051 ad
1836 3006 2070 3050 indicanda

456 3100 566 3138 quae-
608 3089 767 3128 dolent.
814 3090 838 3127 2
872 3087 1068 3126 ἀπόλωλα.
1103 3089 1127 3126 3
1161 3099 1277 3126 DAVE
1309 3098 1424 3126 PERII
1457 3087 1588 3126 habet
1620 3097 1706 3126 non
1739 3087 1910 3126 nullum
1942 3087 2066 3126 affec·
