2242 3443
341 281 507 308 ANDRlA
1169 272 1255 310 244

337 393 387 430 53
469 393 699 430 Differentia
742 404 821 430 non
865 394 1000 430 minus
1044 396 1235 440 suspecta
1276 405 1397 440 quam
1441 395 1503 432 40.
1548 395 1592 440 5;
1637 394 1940 432 ‘desideramus'
1984 394 2031 432 cf.
2073 395 2114 431 in

416 456 597 492 eiusdem
623 456 809 500 magistri
844 456 1067 492 differentia
1096 459 1145 493 ad
1176 468 1213 494 v,
1243 457 1290 493 31
1324 458 1566 494 ‘desiderat'.
1595 458 1673 494 Mn.
1703 457 1766 494 32.
1795 458 1872 494 214
1901 467 1987 502 sqq.
2006 456 2033 500 ¹)

337 518 388 555 54
474 519 491 554 1
523 519 798 564 corruptelam
828 519 868 555 in
899 520 945 555 ‘is
979 522 1151 564 quoque'
1183 522 1402 557 nemodum
1432 521 1606 557 sanavit.

475 582 492 616 1
512 592 536 615 α
566 582 654 617 vide
690 591 815 626 supra
843 583 889 617 ad
921 582 971 617 46
988 592 1023 617 α.
1107 582 1172 618 3α
1202 584 1527 619 additamentum
1558 582 1809 627 languidum.

337 644 388 679 55
470 643 569 679 Vide
607 644 654 679 de
692 643 754 678 his
794 642 956 679 scholiis
991 643 1068 678 Mn.
1099 644 1161 681 32.
1193 644 1268 680 288
1299 647 1339 680 et
1369 644 1611 689 praesertim
1640 643 1705 679 lib.
1737 653 1875 680 meum
1906 652 1944 688 p.
1975 642 2027 679 30
2057 653 2115 688 sq.

418 704 566 748 Figura
604 705 774 740 adiectio
813 706 1023 748 (παρέλκον)
1063 707 1261 741 tractatur
1298 706 1337 740 in
1380 706 1413 741 1.
1452 706 1488 741 3.
1525 706 1562 750 4,
1599 705 1746 741 locutio
1790 705 1908 749 ‘quod
1951 705 2115 742 faciunt’

417 766 455 801 in
498 766 534 802 2.
574 766 608 802 5.
648 766 692 801 [n
732 767 961 801 commento
1000 766 1146 802 Donati
1183 767 1320 812 procul
1359 767 1478 803 dubio
1517 776 1609 803 sese
1655 768 1906 812 exceperunt
1950 767 1969 803 1
2012 768 2054 804 et
2091 766 2114 804 3

415 829 594 869 (omissis
633 827 899 872 emblematiS‚
938 838 1040 871 quae
1070 829 1148 864 iam
1182 831 1342 865 notavit
1371 829 1549 872 Wessn.)
1583 830 1624 865 et
1653 829 1900 873 sequebatur
1923 828 1960 874 2,
1989 828 2117 865 schol-

417 890 514 926 lium
554 899 681 925 unum
719 891 760 925 et
796 889 1016 934 integrum,
1057 890 1094 925 in
1130 900 1208 934 quo
1245 891 1430 926 Donatus
1468 893 1553 927 tres
1591 890 1882 935 explicationes
1914 890 2117 937 proponit,

416 951 558 987 leviter
595 952 881 987 commendans
920 951 1083 987 tertiam
1124 953 1225 993 (‘aut
1263 953 1416 999 certe’).
1517 953 1578 988 la
1612 952 1811 996 digressio
1840 954 1904 988 est
1931 952 2117 997 magistri

416 1014 465 1049 ad
499 1013 598 1048 Don.
642 1014 764 1048 verba
802 1013 852 1048 ‘in
890 1014 1018 1057 primo
1058 1015 1192 1057 posita
1227 1015 1346 1059 loco';
1386 1015 1425 1049 in
1465 1015 1741 1051 additamento
1779 1013 1855 1050 ‘hic
1893 1023 1988 1059 ergo
2014 1014 2114 1059 sqq.'

416 1076 546 1111 denuo
582 1084 674 1110 eum
713 1075 914 1119 audimus,
949 1075 1016 1119 qui
1053 1075 1197 1111 Donati
1235 1077 1357 1112 verba
1385 1076 1623 1113 confirmare
1653 1079 1725 1112 aut
1753 1076 1860 1112 tueri
1889 1075 1992 1112 solet
2021 1076 2115 1121 (Mn.

419 1136 481 1172 32.
519 1136 594 1172 287
633 1137 718 1180 sq.).
757 1136 802 1171 In
840 1136 905 1172 3a
934 1137 1140 1181 repellitur
1168 1138 1267 1174 Dori.
1302 1139 1334 1173 1.
1376 1138 1506 1175 Schol.
1546 1138 1570 1173 4
1604 1138 1807 1174 succincte
1835 1137 2116 1183 complectitur
2174 1145 2180 1149 ·

421 1199 518 1234 Don.
553 1199 586 1233 1.
611 1198 646 1233 2.
676 1198 711 1234 3.
742 1199 787 1234 In
819 1198 842 1234 5
871 1200 1066 1242 quaedam
1096 1201 1338 1244 repetuntur
1367 1210 1387 1236 e
1417 1200 1517 1236 Don.
1548 1200 1583 1236 2.

473 1262 700 1298 Secundum
751 1260 871 1304 Eugr.
898 1270 934 1305 p.
965 1261 1010 1295 11
1057 1270 1137 1297 non
1185 1263 1249 1297 est
1288 1262 1457 1298 adiectio
1484 1262 1525 1297 in
1555 1261 1699 1307 primo,
1729 1262 1776 1297 ut
1807 1262 1923 1298 docet
1949 1261 2050 1297 Don.
2081 1261 2117 1308 1,

419 1324 489 1359 sed
528 1323 568 1359 in
610 1322 754 1358 ultimo
791 1322 875 1358 loco
919 1323 978 1358 ‘ut
1007 1332 1148 1359 omnes
1179 1333 1476 1368 supervacuum
1505 1323 1646 1360 fieret’.
1676 1323 1842 1360 Servius
1871 1323 1920 1358 ad
1948 1323 2049 1359 Aen.
2080 1322 2114 1359 1.

423 1385 493 1421 181
529 1384 676 1420 mirum
711 1384 750 1419 in
781 1385 946 1420 modum
976 1384 1191 1420 formulam
1222 1385 1278 1421 sic
1315 1386 1551 1431 explicavit:
1583 1395 1760 1421 omnes
1789 1384 1898 1421 enim
1927 1384 2115 1429 generale

417 1449 482 1484 est
520 1446 752 1491 plerique
791 1446 982 1491 speciale;
1016 1447 1112 1482 ordo
1141 1456 1237 1492 ergo
1267 1450 1349 1493 est,
1379 1448 1485 1492 quod
1516 1457 1694 1484 omnes
1722 1448 1746 1482 1.
1777 1456 1827 1492 a.‚
1856 1449 1902 1483 ut
1931 1447 2114 1483 animum

418 1510 465 1544 ad
495 1508 652 1552 aliquod
681 1507 863 1543 studium
895 1508 1117 1553 adiungant
1145 1509 1385 1554 plerique
1415 1519 1540 1554 equos
1566 1509 1670 1546 alere
1699 1508 1939 1554 plerique
1967 1507 2113 1545 canes’.

339 1571 390 1607 56
471 1570 535 1606 2a
565 1569 800 1614 exemplum
829 1570 1013 1615 ineptum
1043 1570 1212 1607 seclusit
1241 1571 1405 1608 Wessn.

341 1634 388 1670 57
477 1633 495 1668 1
525 1632 677 1677 ellipsis
706 1631 924 1668 ‘familiaris
953 1632 1154 1669 Terentio'
1185 1633 1233 1669 cf.
1262 1633 1351 1670 285.
1384 1636 1402 1671 1
1418 1645 1427 1679 ;
1453 1635 1796 1670 commemoratur
1819 1632 1860 1669 in
1885 1633 2113 1669 commento

420 1694 502 1730 fere
531 1694 808 1738 quinquagies.
837 1693 889 1730 Cf.
920 1694 1023 1730 infra
1051 1695 1099 1730 de
1124 1695 1281 1739 figuris.

472 1755 495 1792 3
519 1756 582 1792 Sic
610 1755 783 1800 Spengel
812 1757 851 1791 et
881 1755 1134 1801 Fairclough.

427 1826 432 1833 ·
476 1820 494 1855 1
514 1828 538 1854 a
565 1818 850 1863 supplementa
877 1819 924 1854 de
951 1819 1241 1855 subaudiendis
1269 1820 1474 1856 vocabulis
1499 1830 1523 1856 a
1546 1820 1703 1856 Donato
1727 1818 1964 1864 plerumque
1988 1817 2116 1855 aliena

422 1882 519 1916 sunt
547 1881 588 1916 et
614 1880 716 1916 falsa
744 1882 816 1916 aut
843 1890 1157 1925 supervacanea.
1241 1881 1265 1917 2
1294 1882 1371 1917 Mn.
1400 1882 1462 1918 32.
1492 1882 1582 1919 228.

341 1943 391 1979 58
475 1944 494 1979 1
526 1942 570 1978 cf.
603 1941 665 1978 72.
701 1943 734 1978 1.
817 1942 937 1977 Iunxi
969 1944 987 1979 1
1019 1944 1059 1979 et
1083 1943 1120 1979 2.

473 2004 538 2040 2α
565 2003 765 2040 conclusio
795 2005 981 2048 magistri
1010 2006 1100 2047 (Mn.
1132 2005 1193 2041 32.
1223 2005 1314 2049 289)
1348 2016 1517 2051 prorsus
1547 2006 1690 2043 otiosa.

341 2067 392 2102 60
476 2067 494 2102 1
526 2065 740 2110 Perperam
768 2065 927 2101 Donato
956 2066 1085 2111 eripui
1107 2067 1147 2102 in
1174 2067 1251 2103 Mn.
1282 2067 1343 2104 32.
1369 2068 1458 2105 215.
1485 2068 1538 2104 Cf.
1565 2077 1692 2113 supra
1716 2067 1764 2103 ad
1789 2066 1825 2103 7.
1849 2066 1886 2104 3.
1910 2067 1968 2103 De
1992 2066 2112 2103 verbo

432 2127 659 2172 gaudere
686 2126 776 2165 939.
807 2128 844 2172 2,
875 2127 964 2164 946.
994 2128 1031 2164 3.

473 2189 495 2225 2
527 2189 654 2224 Aliter
682 2189 781 2225 Don.
814 2189 875 2226 61.
960 2190 995 2225 2.
1026 2191 1102 2226 Mn.
1134 2190 1197 2229 32.
1221 2191 1310 2228 228.

341 2252 389 2288 61
477 2253 496 2288 1
539 2251 764 2287 Skutsch
804 2252 850 2286 A.
892 2250 975 2287 f.1.
1016 2253 1039 2287 l.
1077 2252 1124 2289 12
1162 2263 1198 2298 p.
1238 2254 1335 2290 214:
1363 2254 1410 2290 In
1440 2253 1672 2298 adprime
1700 2253 1756 2289 ist
1785 2252 1966 2290 offenbar
1993 2251 2112 2288 eben-

419 2312 505 2349 falls
533 2312 815 2357 ursprunglich
841 2313 903 2348 die
928 2313 1168 2359 Bedeutung
1193 2316 1260 2351 des
1287 2316 1344 2351 ad
1368 2315 1478 2352 nicht
1504 2315 1567 2351 ein
1593 2315 1809 2360 eigentlich
1824 2313 2112 2351 verstarkende

420 2384 630 2419 gewesen:
671 2375 775 2410 ‘dem
814 2376 974 2419 prime
1008 2377 1112 2412 nahe
1142 2377 1389 2423 kommend'‚
1418 2377 1527 2413 kann
1557 2378 1652 2420 aber
1681 2377 1756 2413 ach
1785 2377 1911 2413 schon
1939 2376 2003 2412 ein
2030 2375 2110 2412 Lob

418 2437 512 2473 sehr
540 2436 738 2473 erheblich
769 2435 975 2481 steigern'.
1003 2438 1057 2474 Cf.
1089 2439 1176 2475 539.
1207 2439 1243 2475 2.

469 2498 491 2535 3
521 2498 643 2534 quta
674 2498 715 2533 D.
745 2498 780 2534 2.
865 2499 889 2534 4
917 2499 1064 2535 falsum
1096 2502 1142 2536 de
1173 2501 1398 2546 proverbio.
1434 2502 1512 2536 Mn.
1542 2501 1604 2537 32.
1634 2499 1711 2536 228
1740 2501 1781 2536 et
1807 2499 1898 2537 301.

336 2561 386 2596 62
468 2560 492 2596 2
525 2561 600 2596 Mn.
630 2560 691 2596 32.
721 2560 809 2597 215.
840 2561 894 2596 Cf.
924 2561 986 2597 28.
1018 2562 1052 2597 4.
1083 2563 1330 2600 Wessnerus
1361 2563 1521 2600 notavit
1550 2566 1802 2608 postremam
1831 2561 2110 2598 differentiam.

415 2621 576 2658 Terenti
618 2632 781 2658 versum
810 2623 995 2659 imitatus
1025 2627 1089 2660 est
1119 2625 1255 2661 Cicero
1284 2626 1331 2662 de
1361 2628 1463 2662 orat.
1493 2625 1529 2661 2.
1561 2625 1630 2661 77:
1661 2624 1776 2661 facile
1805 2633 1948 2660 omnes
1977 2631 2110 2668 perpe·

419 2685 496 2719 tior
531 2686 570 2720 et
610 2683 783 2728 perfero;
823 2687 980 2729 praeter
1018 2686 1124 2722 hunc
1161 2688 1402 2732 Spengelius
1441 2687 1565 2723 etiam
1599 2687 1742 2723 citavit
1769 2686 1981 2723 Caesarem
2009 2685 2046 2721 b.
2071 2691 2108 2728 g.
2180 2691 2181 2699 ¹

420 2745 455 2782 8.
472 2745 537 2782 30:
577 2746 713 2781 omnia
748 2746 821 2781 sibi
860 2747 1053 2791 patienda
1090 2750 1131 2784 et
1169 2749 1416 2793 perferenda,
1459 2750 1556 2785 sunt
1593 2749 1720 2793 igitur
1755 2756 1987 2793 synonyma
2024 2745 2110 2782 sine

419 2807 499 2843 ulla.
527 2807 762 2843 differentia.

340 2869 391 2905 63
473 2869 497 2904 2
526 2869 580 2905 Cf.
610 2869 708 2905 Don.
743 2869 830 2907 199.
859 2869 881 2905 3
925 2870 1015 2906 897.
1048 2873 1080 2907 1.

421 2931 445 2965 4
486 2930 681 2966 scholium
719 2931 892 2975 pertinet
930 2932 1053 2968 etiam
1096 2933 1144 2968 ad
1182 2943 1244 2967 vv.
1276 2933 1326 2969 64
1354 2935 1395 2969 et
1425 2933 1496 2978 65;
1526 2934 1643 2970 iuxta
1671 2934 1774 2970 hanc
1801 2931 1949 2969 Donati
1974 2931 2108 2968 obser-

420 2993 623 3028 vationem
652 2991 766 3028 aliter
795 2993 989 3037 magister
1022 2993 1083 3030 63.
1113 2994 1137 3030 2
1166 3005 1202 3040 a,
1234 2995 1297 3033 64.
1330 2997 1363 3032 1.
1394 2995 1431 3040 3,
1463 2995 1526 3032 65.
1560 2998 1595 3032 1.

340 3055 392 3090 65
473 3054 496 3090 2
526 3055 572 3090 de
599 3056 655 3088 ita
682 3056 723 3089 ut
751 3054 838 3090 vide
867 3055 1015 3100 Speng.
1050 3058 1090 3092 et
1119 3056 1258 3092 Faircl.

389 3159 410 3202 ¹)
437 3159 478 3193 In
502 3161 607 3194 textu
632 3173 665 3204 p.
689 3161 730 3196 10
752 3173 818 3205 pro
841 3162 1056 3198 ‘nescimus’
1079 3163 1223 3207 corrige
1250 3163 1481 3199 ‘noscimus'-

2206 2567 2212 2593 ἢ
2207 2469 2212 2543 -«-“
2204 2324 2217 2428 ‹afim-2<—
2209 2270 2215 2289 -·

2230 2830 2237 2853 .,
2216 2686 2237 2811 31ss
2220 2627 2238 2667 α’-
2228 2570 2238 2595 ιι

2200 3016 2237 3443 *ἀψήῑῑι--μᾏ
2211 2930 2237 2985 -4
2232 2880 2236 2891 -
