2242 3443
277 670 350 705 80?

278 899 354 934 809

279 2048 356 2083 810

281 2836 354 2871 811

1124 158 1208 196 208

422 287 489 320 tra
531 282 722 321 mollis
764 283 977 321 frontis
1021 283 1242 331 dicuntur,
1285 283 1357 330 qui
1400 284 1503 321 sunt
1547 284 1813 321 reverentes.
1857 285 1882 322 4
1928 293 2044 324 mmo

426 369 539 397 Anno
580 369 704 398 amco
740 370 827 397 TIBI
870 369 925 397 NE
968 359 1155 407 superbe
1196 361 1240 398 et
1282 359 1409 406 quasi
1453 358 1608 406 militi,
1653 368 1754 397 nam
1801 359 2050 400 edictum

425 436 639 484 praetoris
671 435 832 474 dicitur
866 437 908 473 et
946 436 1246 484 imperatoris;
1282 436 1306 474 5
1341 441 1484 479 (MILES
1517 444 1634 473 NUNC
1667 446 1710 473 A.
1740 445 1778 473 Ε.
1808 442 1865 479 n.)
1889 437 1934 474 et
1962 435 2053 475 ‘mi-

425 511 502 551 les'
546 512 597 550 de
633 512 701 550 his
735 512 890 550 officiis
923 521 1035 559 quae
1068 521 1148 550 suo
1182 511 1362 550 nomine
1396 510 1719 549 contumeliosa
1751 513 1878 560 sunt;
1913 512 1979 551 sic
2009 512 2053 551 in

424 587 633 637 Adelphis
666 587 874 627 ‘delibera
907 588 1010 636 hoc,
1042 588 1147 626 dum
1182 598 1262 636 ego
1296 587 1444 635 redeo,
1479 586 1591 625 leno'
1623 589 1682 629 (v.
1721 587 1832 635 196).

480 668 498 703 1
545 673 599 702 Na
636 674 712 702 vm
742 674 900 702 mouns
934 674 1085 702 ULLAM
1119 673 1163 701 IN
1194 674 1331 702 ILLAM
1360 662 1556 701 servavit
1585 665 1824 712 praecepta
1850 664 2049 703 meretri-

427 742 489 779 cis
532 741 661 786 adeo,
705 743 754 779 ut
787 741 1044 779 meminerit
1071 739 1121 779 ‘si
1154 739 1244 778 vim
1279 739 1422 788 faciet,
1457 739 1500 777 in
1532 739 1602 777 ius
1633 739 1781 779 ducito
1813 740 2053 779 hominem'

426 820 482 857 (V.
528 817 641 857 768).
682 817 706 855 2
736 827 817 856 neo
853 827 903 855 no
936 828 995 855 AD
1024 827 1290 855 SOPHRONAM
1325 817 1405 855 hoc
1438 815 1604 854 lentius
1636 815 1689 854 ad
1722 814 1946 854 Thaidem.

485 897 503 931 1
550 903 794 932 PROHIBEBO
837 903 1010 939 INQUAM
1045 903 1130 931 non
1163 893 1272 932 satis
1301 892 1545 931 exercitate
1577 891 1838 930 adulescens
1869 891 2052 930 totidem

428 969 572 1008 verbis
602 970 769 1008 dictum
800 970 961 1017 repetit
993 969 1163 1008 militis.
1198 969 1222 1007 2
1251 978 1391 1007 Atmm
1425 978 1480 1006 TU
1513 978 1587 1006 ch
1620 977 1749 1006 FURT1
1782 978 1831 1006 sn
1860 977 2053 1008 ALLIGAT

425 1046 598 1085 Gnatho
629 1046 908 1085 occasionem
941 1044 1120 1084 finiendi
1153 1045 1284 1093 litigii
1318 1044 1575 1083 iamdudum
1608 1043 1779 1091 quaerit
1805 1044 1858 1083 ob
1886 1044 2051 1083 deside·

426 1122 541 1161 rium
574 1131 760 1161 mensae
791 1123 835 1161 et
867 1121 973 1171 cibi,
1008 1124 1052 1160 et
1084 1121 1180 1160 ideo
1213 1122 1339 1168 quasi
1372 1121 1423 1159 de
1450 1121 1545 1159 iure
1572 1120 1807 1159 consilium
1835 1121 2050 1170 suggerit,

426 1199 543 1237 hunc
574 1208 700 1237 reum
732 1197 839 1237 furti
870 1207 967 1236 esse
1000 1207 1141 1246 posse,
1177 1197 1250 1245 qui
1282 1199 1463 1245 paratus
1495 1196 1554 1235 sit
1584 1196 1775 1235 alienam
1803 1206 1898 1235 rem
1924 1206 2050 1236 suam

427 1275 571 1314 dicere
605 1276 648 1313 et
679 1274 721 1313 id
754 1275 798 1313 in
830 1274 923 1313 iure
952 1273 1168 1323 profiteri;
1204 1276 1256 1316 (α)
1291 1274 1316 1311 3
1349 1283 1451 1321 ergo
1485 1272 1604 1311 ‘furti
1636 1282 1685 1311 se
1709 1267 1874 1321 alligat'
1902 1282 2051 1311 reum

427 1361 483 1390 se
533 1351 727 1391 efficit
774 1351 1011 1400 fraudis,
1057 1360 1160 1388 nam
1203 1352 1526 1399 μεταλημπτικῶς
1570 1349 1788 1388 furtum
1820 1359 1897 1398 pro
1929 1349 2052 1388 omni

428 1428 528 1467 dolo
570 1430 614 1467 et
656 1427 809 1466 fraude
853 1427 1116 1476 accipimus,
1162 1427 1216 1472 (α)
1251 1425 1434 1475 ‘alligat’
1470 1427 1619 1464 autem
1653 1424 1976 1474 obstringit
2007 1426 2051 1464 et

428 1504 727 1553 inlaqueat
768 1505 812 1543 et
852 1503 1163 1543 obnoxium
1207 1502 1374 1550 facit;
1420 1503 1445 1541 4
1486 1502 1541 1546 (a)
1575 1502 1638 1541 sic
1670 1500 1892 1550 Vergilius
1924 1502 2049 1540 insi-

428 1582 550 1620 dias
583 1580 715 1620 ‘furta
746 1590 850 1629 paro
878 1579 994 1619 belli'
1025 1580 1148 1621 (Aen.
1186 1580 1253 1618 11.
1287 1580 1402 1628 515),
1437 1577 1785 1617 adulterium
1819 1577 1878 1617 ‘et
1908 1577 2052 1617 dulcia

425 1658 556 1697 furta’
600 1657 689 1698 (Ge.
733 1659 773 1696 4.
808 1657 923 1706 346),
960 1665 1118 1695 omne
1152 1655 1359 1694 malum
1392 1655 1606 1693 factum
1647 1651 1773 1702 ‘quae
1805 1654 1903 1703 quis
1935 1654 2050 1703 apud

427 1744 631 1783 superos,
666 1734 781 1772 furto
815 1733 933 1772 cett.’
967 1733 1090 1776 (Aen.
1120 1733 1159 1771 6.
1195 1732 1281 1771 586
1315 1734 1408 1779 sq.).

594 1809 616 1842 2
648 1818 671 1842 α
699 1808 773 1843 hoc
802 1808 866 1843 est
896 1807 1002 1851 apud
1032 1806 1274 1851 praetorem.
1308 1806 1329 1841 3
1363 1817 1386 1839 a
1414 1808 1455 1842 et
1480 1806 1640 1843 iniuria.
1671 1807 1694 1841 4
1725 1817 1749 1842 a
1778 1815 1896 1843 omne
1925 1805 2049 1850 igitur

545 1862 652 1906 quod
689 1861 827 1898 fraude
864 1861 928 1906 fit,
967 1861 1167 1896 furtum
1205 1862 1281 1896 est.
1313 1863 1335 1896 5
1366 1860 1579 1896 Furtum
1608 1862 1767 1896 duobus
1799 1860 1930 1896 modis
1959 1859 2048 1896 dici-

547 1918 632 1952 tur:
664 1925 764 1962 uno,
795 1925 886 1952 cum
920 1925 1040 1951 omne
1069 1913 1308 1951 maleficium
1338 1915 1578 1959 generaliter
1606 1915 1874 1960 significatur,
1903 1913 2050 1958 altero,

545 1980 636 2006 cum
675 1980 740 2006 res
776 1971 971 2014 subrepta
1008 1970 1336 2013 demonstratur;
1367 1978 1475 2005 nunc
1503 1978 1599 2014 ergo
1631 1969 1752 2005 ‘furti'
1783 1968 2049 2006 maleficii.

485 2044 503 2081 1
540 2053 663 2081 SATIS
697 2053 780 2081 Hoc
814 2053 902 2080 'mm
926 2052 1001 2081 EST
1034 2042 1086 2080 ad
1114 2041 1398 2090 repetendam
1422 2041 1592 2081 scilicet
1620 2042 1837 2090 virginem
1867 2042 2048 2081 Sumen-

429 2120 616 2167 damque
648 2103 703 2157 in>
725 2120 819 2157 iure
846 2118 1102 2158 vindictam.
1137 2119 1162 2157 3
1196 2129 1303 2157 ῙΒΕΜ
1335 2128 1420 2157 Hoc
1452 2129 1508 2157 TU
1535 2129 1606 2157 AIS
1633 2128 1767 2157 THAIS
1795 2117 1924 2157 ‘idem
1954 2119 2049 2158 hoc'

427 2206 451 2243 q
467 2205 528 2234 uo
543 2195 568 2234 d
602 2194 632 2234 C
647 2196 740 2234 hre
755 2205 798 2233 m
814 2204 870 2233 es
901 2194 1094 2242 scilicet;
1124 2196 1168 2234 et
1194 2196 1424 2242 tamquam
1444 2196 1488 2233 et
1504 2195 1647 2243 ipsam
1666 2195 2050 2234 circumventurus

426 2272 684 2319 interrogat,
719 2271 832 2318 quod
863 2270 940 2309 illa
973 2271 1234 2319 intellegens
1266 2271 1492 2310 malitiose
1518 2270 1765 2318 <‘quaere'
1793 2271 1950 2320 inquit’
1976 2270 2049 2318 qui

429 2347 781 2396 respondeat'>.
827 2348 851 2384 4
894 2356 1068 2391 QUAERE
1111 2356 1184 2391 QUI
1227 2357 1509 2386 RESPONDEAT
1553 2348 1664 2385 satis
1707 2346 2046 2386 contumeliose:

428 2423 534 2462 illud
591 2423 708 2462 enim
755 2423 1073 2471 quaeritur,
1116 2423 1229 2470 quod
1276 2422 1450 2462 difficile
1498 2423 1732 2471 reperitur,
1784 2433 1910 2472 ergo:
1959 2432 2047 2462 non

427 2500 557 2539 modo
582 2500 788 2548 indignus
816 2509 880 2548 eS,
911 2499 1070 2549 inquit,
1101 2500 1170 2538 cui
1198 2509 1276 2548 ego
1304 2499 1612 2548 respondeam,
1641 2499 1717 2538 sed
1745 2500 1821 2538 vix
1849 2499 2048 2539 invenies

428 2577 503 2624 qui
532 2577 575 2614 te
607 2575 787 2624 dignum
835 2585 1044 2624 responso
1076 2575 1252 2615 iudicet.

602 2651 624 2686 2
665 2647 685 2666 ²*
723 2659 882 2692 QUAERE
921 2659 988 2691 om
1021 2659 1281 2686 RESPONDEAT
1311 2651 1350 2685 et
1380 2650 1626 2694 contempsit
1655 2650 1978 2695 interrogantem
2006 2651 2047 2686 et

546 2703 691 2740 indixit
729 2704 977 2748 inimicitias,
1017 2703 1271 2748 professione
1310 2703 1539 2740 iracundiae
1577 2713 1668 2740 cum
1707 2703 1799 2740 dicit
1834 2704 2046 2749 indignum

546 2758 726 2794 militem.

486 2832 504 2868 l
539 2840 641 2875 omn
669 2839 786 2868 NUNC
819 2812 986 2868 Aemus
1020 2828 1117 2868 vide
1149 2830 1199 2867 ut
1230 2838 1346 2867 nunc
1379 2830 1608 2867 evanuerit
1641 2829 1754 2868 actio
1787 2828 1963 2868 militis:
1991 2828 2047 2878 (a)

431 2906 456 2944 3
491 2905 564 2944 ubi
595 2908 662 2944 est
695 2905 801 2943 illud
834 2905 947 2953 quod
981 2905 1043 2943 ait
1074 2905 1279 2953 ‘primum
1314 2904 1435 2943 aedis
1466 2905 1673 2953 <etc.>
1686 2905 1720 2944 ?'
1754 2908 1809 2946 (v.
1846 2905 1945 2944 773»
1971 2903 2046 2942 sed

429 2982 531 3020 vani
567 2981 760 3030 impetus
791 2981 907 3019 hunc
938 2981 1109 3020 exitum
1141 2990 1316 3029 semper
1349 2980 1580 3029 accipiunt.
1616 2983 1639 3019 4
1673 2989 1778 3025 Qum
1811 2988 2045 3018 REDEAMUS

431 3058 563 3106 ‘quin'
596 3057 726 3096 modo
761 3057 902 3095 ‘imm
916 3057 970 3096 ο’.
