2242 3443
131 345 206 380 723

132 404 207 442 724

132 528 203 564 727

131 590 206 626 728

133 651 205 686 731

131 713 206 749 733

131 835 206 872 734

132 958 208 995 735

132 1020 208 1058 740

131 1081 204 1119 741

131 1144 206 1181 742

132 1328 207 1365 746

132 1390 208 1426 750

133 1452 207 1487 755

132 1513 207 1549 758

131 1575 204 1610 761

132 1635 206 1672 762

134 1759 208 1795 763

133 1822 206 1856 766

133 1883 208 1919 769

134 1945 206 1980 771

133 2065 207 2102 772

134 2190 209 2226 774

135 2251 209 2287 776

135 2437 210 2472 778

136 2498 208 2534 781

136 2559 211 2595 782

137 2621 211 2656 783

137 2746 211 2782 785

138 2868 212 2903 786

138 2991 210 3026 787

138 3052 212 3095 788

139 3115 158 3150 7
164 3113 214 3150 89

970 221 1053 259 277

291 344 308 378 1
341 343 385 378 cf.
418 343 503 378 721.
532 343 555 377 4
584 343 622 378 in
653 343 678 379 f.
762 343 785 378 2
813 343 919 378 recte
950 342 1005 378 sic
1038 343 1080 378 D.
1112 342 1156 377 cf.
1187 342 1318 377 Fabia.

288 404 354 440 Gr.
393 405 433 439 L.
472 414 511 439 1v
543 404 630 440 379.
661 404 729 440 29:
762 406 859 440 sunt
888 403 1161 448 praepositiva
1190 405 1235 439 ut
1264 403 1353 446 quis
1388 403 1462 446 hic,
1498 403 1754 438 subiunctiva
1781 404 1827 438 ut
1852 403 1886 437 is

236 467 350 502 idem.
382 466 507 501 Diom.
548 468 578 501 1.
617 466 703 502 370.
734 466 794 501 35.

287 527 401 563 iunxi
431 527 452 562 3
482 529 522 563 et
552 528 587 562 4.
618 527 663 562 cf.
694 528 741 562 ad
773 527 821 562 24
850 528 889 562 et
915 527 1014 561 And.
1045 526 1132 562 211.
1162 527 1259 562 Serv
1289 527 1336 561 ad
1365 525 1433 561 Ge.
1465 526 1498 560 2.
1531 526 1591 561 94.

292 589 309 623 1
339 589 384 625 cf.
415 589 513 625 Don.
543 590 566 623 4
596 590 697 624 med.
785 590 860 625 729
892 589 908 623 1
953 589 1042 624 vide
1070 589 1117 624 ad
1152 588 1213 623 54.
1298 587 1321 623 2
1350 587 1395 623 cf.
1427 587 1514 623 728.
1545 588 1568 622 2

289 651 312 686 2
339 651 505 695 falsum;
540 651 564 686 l.
595 661 627 686 s.
656 651 679 686 1.
710 661 747 695 p.
777 651 838 686 75.

287 712 361 758 2α,
401 713 463 749 30
500 713 775 748 additamenta
812 722 882 757 per
918 712 1036 747 ‘nam’
1076 712 1179 754 (vide
1213 721 1335 756 supre
1365 712 1412 746 ad
1441 711 1490 756 9),
1520 715 1691 754 quorum
1721 711 1795 747 hoc
1823 721 1887 747 no-

235 774 337 809 tavit
364 774 527 810 Wessn.

290 836 404 871 iunxi
435 835 453 870 1
480 836 519 870 et
546 835 568 870 2
595 837 757 880 dempto
783 835 1022 871 emblemate
1046 834 1155 870 inani
1182 835 1200 870 1
1229 844 1252 869 a
1286 835 1326 870 et
1356 834 1594 878 repetitione
1621 834 1643 869 2
1661 834 1760 876 aoef.
1780 835 1797 869 1
1817 835 1888 877 D.).

289 898 311 933 3
345 898 389 933 ci.
430 898 493 933 2α
532 900 572 932 et
613 898 630 932 1
670 898 713 933 D.
799 897 862 933 3α
900 898 1223 932 additamentum
1265 905 1334 941 per
1370 895 1487 931 ‘nam'
1519 896 1676 932 notavit
1705 896 1890 941 Wessn.;

288 959 311 994 2
340 958 386 994 of.
420 958 506 994 273.
539 958 574 994 3.
660 959 732 995 737
770 958 814 994 cf.
845 960 892 994 ad
923 958 1011 994 623.
1098 959 1173 994 738
1204 957 1250 994 cf.
1281 958 1382 1002 Eug.
1412 967 1449 1002 p.
1483 957 1568 993 132.

287 1021 332 1056 cf.
369 1020 455 1065 648,
486 1020 572 1056 859.
604 1020 639 1056 2.
724 1020 787 1055 2α
816 1020 976 1066 falsum,
1007 1021 1052 1055 ut
1081 1020 1169 1056 436.

291 1083 310 1117 1
341 1082 588 1127 ‘non—sed’,
622 1082 709 1118 vide
738 1092 862 1126 supra
890 1083 938 1118 ad
975 1082 1035 1127 67,
1062 1082 1148 1127 604,
1180 1082 1253 1117 etc.

286 1144 308 1180 3
337 1144 453 1179 iuxta
481 1143 525 1179 D.
556 1143 591 1188 2,
620 1144 666 1179 cf.
700 1144 820 1179 Fabia
849 1144 960 1179 cuius
990 1144 1271 1188 interpretatio
1297 1144 1406 1178 iusta
1430 1144 1512 1178 est:
1539 1143 1586 1178 ‘si
1611 1144 1679 1178 des
1705 1153 1890 1179 menaces

232 1205 258 1240 il
295 1205 405 1241 vient
438 1206 485 1241 de
512 1215 652 1250 passer
681 1216 761 1241 aux
789 1207 925 1242 actes'.
956 1206 1184 1242 Secundum
1215 1205 1237 1241 3
1266 1205 1414 1240 locutio
1442 1205 1629 1249 usurpari
1656 1206 1815 1249 poterat
1845 1207 1891 1241 de

237 1267 395 1312 quovis,
425 1267 493 1311 qui
521 1277 544 1302 a
572 1267 772 1311 loquendo
800 1269 847 1304 ad
875 1268 1077 1311 agendum
1107 1269 1303 1310 transeat,
1334 1268 1437 1310 quod
1466 1266 1625 1302 falsum.

290 1328 314 1364 2
342 1328 388 1364 of·
422 1329 507 1364 147.
543 1330 574 1364 1.
662 1329 736 1365 748
769 1329 815 1365 ef.
845 1329 889 1364 D.
921 1329 955 1364 2.
1044 1329 1120 1365 749
1152 1328 1170 1363 1
1204 1329 1271 1363 vix
1300 1328 1502 1372 intellego.

289 1400 313 1425 α
342 1391 510 1426 notavit.
540 1390 703 1426 Wessn.
815 1391 887 1427 751
919 1391 1007 1425 vide
1039 1390 1127 1434 640,
1156 1391 1229 1426 eto.
1315 1390 1390 1426 754
1420 1390 1442 1426 3
1472 1390 1519 1425 ef.
1548 1390 1678 1426 Fabia.

290 1451 309 1486 1
336 1462 360 1486 α
375 1455 492 1488 conta
516 1452 559 1487 D.
589 1453 606 1488 1
634 1454 674 1488 et
697 1452 862 1488 falsum:
882 1462 962 1487 non
981 1451 1082 1487 ‘rudi
1098 1453 1136 1487 et
1152 1451 1317 1487 rustico'
1338 1452 1407 1487 sed
1425 1452 1588 1488 ‘timido’
1606 1453 1681 1488 hoc
1696 1453 1894 1488 convenit.

289 1513 311 1549 3
339 1513 501 1558 falsum,
529 1513 574 1549 cf.
604 1514 737 1549 Fabia.
824 1514 899 1551 759
928 1513 951 1549 2
980 1513 1175 1557 ineptum.

288 1575 310 1611 3
339 1575 613 1611 additamenta
642 1576 791 1611 nullius
819 1575 949 1621 pretii,
978 1584 1151 1619 quorum
1180 1575 1255 1610 hoc
1283 1574 1440 1610 notavit
1467 1575 1627 1611 Wessn.

292 1636 353 1672 la
389 1637 436 1672 de
473 1637 659 1681 magistri
689 1637 861 1672 formula
890 1637 952 1672 ‘ab
983 1646 1029 1672 eo
1058 1647 1093 1680 q.
1123 1646 1252 1681 praec.
1283 1637 1320 1671 id
1351 1646 1385 1680 q.
1417 1637 1513 1680 seq.'
1544 1637 1631 1672 vide
1662 1639 1708 1672 ad
1737 1638 1812 1673 An.
1844 1637 1892 1673 49

237 1699 277 1733 et
304 1697 344 1733 in
372 1698 620 1743 praefatione
650 1709 686 1744 p.
718 1709 810 1744 xxm
840 1699 880 1734 in
910 1698 1104 1734 Eunucho
1133 1698 1282 1742 legitur
1312 1698 1398 1734 780.
1417 1699 1452 1743 4,
1470 1699 1558 1734 973.
1576 1699 1598 1734 5
1696 1699 1719 1734 2
1751 1699 1853 1735 rhet.

294 1759 317 1795 2
345 1759 391 1795 cf.
423 1760 511 1796 537.
542 1760 577 1796 2.

292 1821 310 1856 1
341 1822 442 1857 rhet.
473 1822 621 1857 nullius
651 1822 839 1858 utilitatis
868 1824 916 1858 ad
946 1822 1338 1866 interpretationem.

289 1883 313 1917 4
341 1885 479 1919 contra
506 1885 550 1919 D.
581 1884 603 1919 3
633 1894 704 1928 per
734 1884 821 1920 ‘vel’
852 1884 898 1920 cf.
929 1884 1016 1929 583,
1047 1885 1087 1920 et
1116 1883 1283 1927 falsum,
1314 1883 1359 1919 of.
1391 1883 1524 1919 Fabia.

288 1944 312 1979 4
349 1944 394 1980 cs.
432 1955 514 1981 vss.
545 1945 621 1982 812
651 1956 734 1990 sqq.
765 1948 805 1982 et
836 1947 923 1982 774.
955 1946 990 1991 2,
1019 1945 1107 1981 816.
1141 1946 1173 1980 1.
1259 1945 1282 1980 2
1311 1945 1488 1980 otiosum
1516 1945 1632 1981 iuxta
1660 1945 1703 1981 D.
1737 1945 1756 1980 1
1787 1946 1828 1981 et
1857 1947 1892 1981 4.

239 2005 262 2041 5
293 2006 490 2050 ineptum.
689 2010 694 2013 '

290 2068 313 2103 2
342 2069 442 2104 mira
469 2069 636 2105 variatio
665 2070 858 2112 Donati(?)
889 2071 927 2105 in
961 2070 1004 2114 13
1035 2068 1155 2114 praef.
1186 2079 1222 2113 p.
1252 2079 1350 2104 xvn.
1462 2069 1484 2104 3
1513 2070 1635 2105 etiam
1661 2068 1895 2105 mirabilius.

292 2129 687 2167 8aadditamentum
716 2141 786 2176 per
815 2132 948 2175 ‘ergo'‚
979 2132 1025 2167 ef.
1056 2133 1102 2166 ad
1134 2131 1219 2167 598.

294 2191 312 2226 1
343 2191 523 2228 eiusdem
553 2195 673 2236 atque
702 2193 788 2229 771.
820 2193 854 2228 2.
940 2193 962 2228 5
991 2195 1131 2229 eontra
1158 2193 1202 2228 D.
1235 2193 1258 2227 4
1288 2203 1357 2237 per
1387 2193 1476 2228 ‘an'.

294 2252 313 2288 1
343 2253 411 2288 vix
439 2264 600 2291 verum:
633 2255 797 2299 ‘reliqui’
829 2256 869 2290 et
900 2255 989 2290 ‘alii'
1020 2255 1124 2299 apud
1155 2254 1328 2290 comicos
1358 2254 1426 2289 vix
1451 2254 1655 2296 differunt,
1681 2254 1726 2289 of.
1762 2254 1892 2290 Fabia.

292 2313 354 2349 3a
395 2316 602 2360 ‘manipuli
644 2316 813 2352 furum':
857 2317 966 2352 iusta
1003 2316 1286 2360 interpretatio
1325 2317 1389 2351 est
1422 2316 1464 2350 D.
1496 2316 1537 2357 4,
1569 2325 1669 2358 quae
1699 2316 1896 2360 praeeedit

238 2376 428 2422 absurda,
458 2377 504 2413 cf.
533 2378 556 2413 l.
587 2389 620 2414 s.
650 2378 675 2413 1.
704 2388 740 2422 p.
772 2378 822 2414 80
852 2379 942 2419 (Mn.
974 2378 1024 2414 35
1054 2388 1090 2422 p.
1122 2378 1211 2420 228)
1242 2379 1282 2413 et
1311 2377 1444 2413 Fabia.

296 2437 314 2472 1
343 2438 443 2475 rhet.
539 2441 614 2476 779
644 2441 667 2475 4
694 2439 943 2484 languidum.
1030 2440 1104 2476 780
1133 2440 1157 2474 4
1187 2440 1235 2475 ad
1265 2439 1352 2475 762.

294 2499 317 2534 2
346 2500 467 2544 Eugr.
492 2511 530 2545 p.
563 2501 647 2536 134.

293 2560 316 2595 2
344 2561 460 2598 iuxta
487 2563 530 2598 D.
564 2564 581 2597 1
615 2573 684 2607 per
712 2563 806 2605 ‘an'‚
838 2563 967 2606 magis
997 2563 1109 2598 docte
1138 2571 1262 2606 quam
1291 2561 1495 2606 apposite,
1526 2561 1570 2596 of.
1602 2560 1734 2596 Fabia.

292 2622 405 2658 iunxi
446 2623 464 2658 1
504 2625 543 2659 et
581 2624 616 2660 2.
734 2624 752 2659 1
773 2634 796 2659 α
830 2624 1062 2668 exemplum
1091 2623 1255 2659 Sallust.
1286 2623 1577 2667 importunum.
1678 2621 1741 2656 2α
1769 2630 1894 2664 repre-

239 2684 381 2720 hensio
410 2685 527 2729 lepidi
555 2685 630 2721 ioci
659 2686 797 2721 minus
826 2686 1024 2730 apposita.

296 2745 314 2780 1
345 2748 483 2782 contra
511 2748 553 2782 D.
583 2748 607 2782 4
635 2747 850 2782 immerito.
947 2747 971 2782 2
999 2747 1116 2782 iuxta
1148 2746 1181 2791 1,
1212 2746 1362 2790 pariter
1391 2745 1547 2781 falsum.
1633 2744 1654 2779 3
1675 2754 1698 2778 a
1725 2743 1798 2778 etb
1816 2752 1895 2778 em-

241 2806 415 2843 blemata
444 2808 578 2843 minus
607 2818 716 2844 vera.
746 2808 799 2844 Of.
828 2808 851 2843 l.
885 2818 916 2843 s.
947 2808 970 2843 l.
1002 2817 1038 2852 p.
1070 2807 1133 2843 81.

293 2869 317 2903 4
345 2870 486 2905 contra
513 2870 556 2904 D.
588 2869 623 2914 3,
653 2870 754 2905 satis
784 2871 1002 2905 obscurum
1031 2870 1071 2904 et
1100 2870 1258 2913 praeter
1287 2870 1460 2904 textum.
1534 2867 1567 2902 “5
1596 2868 1636 2902 et
1665 2866 1686 2901 6
1716 2875 1805 2901 cum
1830 2865 1896 2900 illo

242 2929 378 2966 iuncta
406 2930 531 2966 fuisse
560 2932 680 2974 puto;
712 2931 758 2966 de
790 2930 812 2966 5
841 2930 887 2966 cf.
917 2931 964 2966 ad
995 2930 1085 2966 604.
1114 2931 1139 2965 4
1167 2931 1206 2965 et
1237 2931 1284 2964 ad
1313 2929 1373 2965 67.
1404 2929 1445 2964 L.
1477 2938 1507 2963 s.
1538 2928 1562 2962 l.
1593 2937 1630 2971 p.
1660 2926 1722 2962 81.

294 2991 318 3026 2
346 2992 385 3027 et
415 2991 437 3027 5
466 2993 605 3028 contra
633 2993 676 3027 D.
708 2992 732 3027 4
761 3001 830 3036 per
861 2992 1014 3038 ‘deest',
1045 2992 1090 3027 cf.
1120 2992 1168 3027 ad
1199 2990 1286 3027 209.
1319 2991 1351 3026 1.
1435 2990 1457 3025 3
1488 2990 1592 3025 aliud
1622 2998 1691 3033 per
1722 2987 1822 3023 ⁴vel'.

296 3053 314 3088 1
332 3063 356 3088 a
384 3054 704 3089 additamentum
733 3055 970 3098 suspectum
1000 3063 1071 3098 per
1100 3053 1263 3096 ‘quasi';
1295 3053 1342 3087 ad
1373 3053 1447 3087 An.
1479 3051 1539 3086 24.

295 3113 318 3150 3
347 3116 488 3150 contra
514 3115 559 3151 D.
590 3115 613 3150 2
641 3124 710 3160 per
739 3115 836 3150 ‘aut'
865 3115 910 3150 cf.
941 3125 1067 3159 supra
1097 3116 1144 3150 ad
1178 3113 1262 3149 130.
