2242 3443
340 607 414 642 297

340 1559 418 1596 300

340 2699 415 2735 301

1187 234 1242 272 42

550 357 567 398 1
619 370 734 398 BONA
785 371 951 399 NOSTRA
1000 371 1114 399 HAEC
1163 371 1249 398 Tim
1284 361 1392 398 haec
1435 358 1571 397 verba
1613 359 1738 406 quasi
1783 358 2102 407 supellectilem

487 444 616 473 suam
655 436 928 475 ostendentis
961 441 1077 475 sunt.
1113 437 1137 475 2
1171 446 1288 475 BONA
1321 445 1489 474 NOSTRA
1522 435 1604 473 hoc
1637 436 1705 474 est
1738 433 1806 474 ‘ad
1838 445 1930 474 rem
1962 436 2104 474 tutan-

489 511 606 550 dam'
641 512 696 550 (ν.
731 511 843 552 288).

550 605 567 641 1
607 614 726 642 HANG
760 615 860 642 Mil-11
894 615 938 642 m
972 615 1016 643 M.
1052 615 1092 643 D.
1128 602 1419 643 confirmatae
1452 604 1556 641 sunt
1583 602 1808 651 legitimae
1835 603 2014 652 nuptiae
2031 613 2107 652 per

488 689 699 718 manuum
743 681 1102 727 conventionem
1139 680 1163 719 2
1197 682 1240 719 et
1274 680 1383 718 mire
1417 678 1557 718 ‘hanc'
1592 689 1677 718 non
1712 678 1859 718 ‘huius
1890 678 2104 718 manum’.

485 756 509 793 3
544 766 655 794 mons
699 766 913 794 commeo
959 767 1091 794 IPSAM
1134 767 1171 795 0.
1216 766 1299 804 quo
1345 756 1489 804 magis
1527 764 1772 794 memorem
1805 765 1903 794 esse
1934 756 2106 804 oportet

487 843 656 880 eorum,
690 834 789 881 post
821 843 930 881 quae
963 833 1037 872 illa
1070 833 1181 872 nihil
1215 833 1364 872 locuta
1397 833 1476 871 est.

546 926 565 964 1
600 935 752 964 ACCEPI
787 923 958 974 ‘accepi‘
992 926 1165 975 proprie
1202 926 1326 974 quasi
1360 935 1560 964 uxorem.

657 1000 678 1034 2
695 1009 834 1036 ACCEPI
849 1009 888 1035 A.
907 1009 936 1034 s.
954 999 1152 1036 conclusit
1170 1002 1327 1044 partem
1345 999 1644 1035 deliberationis
1661 1008 1760 1035 suae
1771 1008 1841 1044 per
1851 998 2104 1035 electionem.

549 1089 567 1126 1
613 1098 906 1127 osssrss'rmcrffl
948 1099 991 1127 A.
1035 1098 1144 1136 quae
1187 1098 1313 1137 opem
1357 1087 1553 1127 ‘retulerit
1595 1087 1885 1135 obstetrix
1927 1087 2104 1134 dicitur,

489 1164 601 1203 unde
634 1167 677 1202 et
710 1165 1005 1213 parturientes
1039 1163 1117 1203 ‘fer
1148 1165 1293 1213 opem'
1328 1164 1536 1203 clamant.
1573 1165 1597 1202 3
1630 1164 1769 1212 <sun
1802 1174 1886 1203 cun
1917 1174 1972 1202 'ru
2005 1173 2107 1202 ABIS

486 1251 543 1278 AB
575 1241 737 1288 ILLA>
769 1251 856 1279 non
889 1242 957 1280 est
989 1241 1304 1288 interrogantis
1337 1240 1412 1279 sed
1441 1240 1718 1289 corripientis
1746 1241 1788 1279 et
1816 1239 2098 1289 increpantis,

486 1316 598 1363 quod
641 1316 887 1364 Glycerium
930 1317 1116 1356 deserat.
1150 1319 1175 1355 4
1209 1327 1405 1356 PROPERA
1440 1327 1584 1362 ATQUE
1616 1326 1757 1355 AUDIN
1789 1318 1832 1356 et
1864 1316 2103 1364 interroga·

486 1393 546 1431 tio
571 1402 655 1440 quo
689 1395 760 1431 eat
792 1395 835 1432 et
867 1393 1086 1432 revocatio
1120 1393 1173 1432 ad
1207 1395 1522 1441 argumentum
1550 1393 1702 1442 magni
1729 1392 1895 1432 amoris
1922 1391 2102 1432 accedit.

661 1468 682 1501 2
712 1477 784 1503 SED
814 1477 892 1503 cun
919 1478 970 1503 TU
1001 1477 1091 1503 Ams
1121 1478 1157 1503 A.
1186 1477 1212 1503 1.
1242 1467 1423 1512 corripit,
1449 1469 1555 1504 unde
1586 1469 1705 1505 abeat
1731 1468 1779 1504 ab
1808 1467 1886 1504 illa.

551 1557 570 1594 1
606 1566 783 1594 VERBUM
816 1567 941 1594 UNUM
969 1567 1080 1595 CAVE
1107 1567 1146 1594 D.
1177 1567 1218 1595 N.
1248 1556 1374 1595 deest
1401 1555 1574 1595 ‘dicas’:
1602 1555 1742 1605 figura
1759 1554 1942 1604 ἔλλειψις.
1960 1556 2100 1595 2VER·

487 1643 578 1670 BUM
611 1643 727 1671 οΕΤΤ.
761 1643 846 1671 non
880 1643 962 1681 quo
991 1633 1120 1672 hodie
1149 1632 1320 1671 futuras
1347 1632 1554 1671 nescierit
1582 1632 1854 1682 Glycerium,
1883 1631 1961 1672 sed
1986 1631 2102 1680 quod

486 1707 587 1746 illas
634 1708 761 1748 hodie
808 1709 1029 1748 indixerat
1075 1710 1200 1758 pater
1247 1707 1349 1758 filio,
1392 1718 1493 1747 cum
1538 1719 1670 1757 supra
1712 1710 1756 1748 et
1797 1707 2026 1758 Pamphilo
2058 1709 2104 1748 et

487 1784 684 1832 Glycerio
717 1784 988 1823 disturbatae
1021 1785 1295 1824 viderentur:
1331 1783 1447 1833 ‘quia
1479 1786 1585 1824 sunt
1617 1785 1886 1824 constitutae
1917 1786 1961 1824 in
1988 1786 2104 1824 hunc

485 1859 616 1899 diem’
657 1859 714 1905 (v.
758 1861 870 1900 269).
916 1862 940 1900 3
985 1871 1096 1899 CAVE
1139 1861 1349 1900 adnotant
1390 1861 1567 1909 quidam
1603 1860 1737 1900 ‘cave'
1771 1861 1842 1900 hic
1865 1860 2101 1910 corripien-

485 1936 591 1974 dum
640 1946 750 1975 esse.
796 1937 821 1974 4
865 1947 920 1975 ΝΕ
963 1947 1022 1975 AD
1066 1947 1247 1976 MORBUM
1275 1947 1358 1976 Hoc
1391 1947 1526 1976 ETIAM
1560 1937 1723 1976 iterum
1755 1935 1945 1987 ἔλλειψις,
1977 1937 2103 1977 deest

486 2013 604 2052 enim
639 2012 861 2052 ‘accedat’.

1187 2349 1256 2438 H

1202 2544 1238 2581 1.

550 2696 567 2732 1
606 2704 709 2739 Qum
742 2704 813 2732 Ais
846 2704 1011 2732 ssszrA
1044 2705 1082 2732 D.
1119 2705 1145 2732 1.
1180 2705 1217 2732 P.
1251 2705 1294 2732 H.
1330 2704 1372 2733 N.
1406 2694 1450 2732 in
1483 2694 1566 2733 hoc
1592 2693 1808 2743 colloquio
1835 2695 1972 2735 altera
1998 2706 2102 2746 pars

486 2770 731 2809 ostenditur
763 2769 954 2818 fabulae,
989 2770 1027 2808 si
1060 2769 1235 2817 quidem
1270 2770 1437 2808 Andria
1458 2780 1515 2808 ex
1540 2770 1726 2809 duorum
1752 2770 2101 2811 adulescentium

485 2845 689 2894 periculis
745 2845 1006 2893 gaudiisque
1056 2845 1352 2894 componitur,
1405 2855 1505 2884 cum
1553 2844 1644 2884 fere
1691 2845 1832 2885 solam
1880 2846 2100 2896 Hecyram

484 2921 716 2960 Terentius
759 2931 813 2959 ex
836 2918 861 2965 ¹)
906 2921 1035 2959 unius
1068 2921 1341 2960 comoediam
1374 2920 1670 2959 adulescentis
1701 2921 1908 2963 effecerit.
1939 2923 1964 2961 2
1997 2932 2100 2968 Qum

388 3059 411 3099 ¹)
432 3057 600 3093 Rabbow
619 3060 657 3093 et
679 3056 857 3092 Wcssner
873 3067 938 3100 pro
960 3055 1028 3090 ‘ex'
1041 3055 1225 3091 dederunt
1239 3055 1310 3090 ‘et’.
1325 3055 1603 3100 Legendumme
1618 3059 1673 3091 ‘ex
1689 3058 1876 3094 omnibus'
1891 3070 1940 3093 an
1955 3071 2098 3104 expun-

342 3110 504 3154 gendum
530 3110 598 3145 ‘ex’
612 3109 632 3144 ⁶?

2211 0 2242 811 ἰ

2212 835 2242 1263 {j

2215 1367 2242 1428 ,ζ’
