2242 3443
332 1044 408 1081 282

334 1353 410 1389 284

334 1747 411 1783 285

335 2389 411 2425 286

338 3019 413 3055 237

337 3093 413 3130 288

1191 219 1247 256 40

482 341 605 388 quasi
649 341 783 389 dicat,
827 341 929 389 quid
973 344 1019 380 tu
1063 342 1261 381 facturus
1293 343 1355 381 sis
1388 341 1588 390 equidem
1621 340 1784 389 nescio,
1821 340 1898 379 sed
1932 350 2096 380 unum

483 418 612 456 scio.
662 419 686 456 ὃ
723 429 775 456 UT
809 429 959 457 Metron
991 428 1115 457 Esses
1147 429 1216 457 sm
1249 418 1460 457 invidiose
1493 417 1619 465 quasi
1652 415 1810 455 oblito:
1846 415 1953 456 adeo
1984 426 2096 456 com·

483 497 684 533 movetur
716 495 793 534 hoc
827 495 941 534 dicto
970 495 1241 544 Pamphilus.

631 584 652 618 2
685 584 703 603 ⁴·
730 593 845 620 unm
862 594 938 620 Hoc
954 594 1039 621 sc1o
1064 585 1152 620 vide
1168 594 1287 628 quam
1305 584 1443 620 callida
1460 584 1558 627 sint,
1576 592 1678 628 quae
1693 592 1716 618 a
1731 582 1883 627 Myside
1899 581 2099 619 subiciun-

576 639 641 672 tur
678 638 724 673 ad
763 638 996 674 irritandam
1035 639 1346 683 promissionem
1389 637 1598 682 Pamphili.
1638 636 1660 672 3
1701 635 1722 657 *
1761 646 1877 672 mum
1905 645 1984 672 Hoc
2013 645 2097 672 soro

574 692 718 727 subicit
748 691 813 728 illa
850 694 953 736 quod
983 693 1191 729 ardentem
1222 693 1407 729 incendat
1435 692 1587 737 magis;
1613 700 1708 727 nam
1733 691 1835 726 dixit
1858 689 1921 726 ille
1946 691 2101 736 omnia,

573 747 717 788 quibus
756 745 913 790 cogitur
949 746 1067 782 fidem
1105 756 1286 790 servare,
1326 747 1393 782 sed
1434 747 1579 782 merito
1609 746 1696 781 eius
1721 746 1792 781 aut
1821 743 1921 780 nihil
1948 744 2100 781 addixit

575 802 645 835 aut
683 809 838 844 parum.
878 802 900 836 6
930 797 952 822 *
981 810 1034 836 UT
1061 810 1199 837 Mimos
1229 810 1345 836 esses
1371 810 1436 835 sm
1465 801 1565 837 bene
1594 799 1813 845 praeterito
1842 798 1977 843 effert,
2006 808 2099 844 quo-

575 855 682 890 niam
720 864 821 897 quae
859 855 1077 899 praeterita
1107 857 1219 898 sunt,
1250 855 1287 889 in
1318 855 1589 891 recordatione
1618 854 1748 898 magis
1775 851 2032 890 lacrimabilia
2059 854 2101 890 et

574 908 814 945 miserabilia
844 910 957 949 sunt,
990 910 1033 944 ut
1062 908 1264 953 Vergilius
1295 909 1338 944 ‘c.
1370 918 1406 953 p.
1436 909 1483 953 1.,
1512 908 1575 945 cui
1600 910 1714 953 pater
1743 910 1817 945 etc.
1843 917 1879 952 q.
1904 909 1934 944 t.
1959 908 1994 943 d.
2019 909 2097 953 r.‘?‚

571 962 675 998 idem
699 962 789 998 alibi
815 965 897 1007 ‘per
921 964 1041 1007 caput
1065 963 1103 998 h.
1129 963 1165 999 i.’
1192 964 1285 1000 cett.
1312 964 1424 1005 (Aen.
1452 964 1486 998 2.
1513 962 1657 1008 677‚9.
1675 961 1779 1004 300).

482 1042 506 1078 2
569 1052 705 1081 mrim
745 1052 861 1081 NUNC
894 1052 1074 1081 SCRIPTA
1101 1042 1142 1081 id
1176 1044 1487 1091 argumentum
1520 1044 1588 1081 est
1616 1051 1748 1090 quam
1775 1041 1903 1081 vivae
1929 1050 2100 1081 memor

481 1118 558 1167 sit,
614 1118 687 1166 qui
744 1118 878 1157 etiam
938 1118 1172 1157 verborum
1225 1120 1427 1158 mortuae
1474 1118 1726 1157 meminerit
1774 1116 2001 1166 Chrysidis
2047 1117 2099 1157 de

484 1193 698 1242 Glycerio.

629 1270 645 1305 l
676 1270 697 1291 *
726 1282 747 1308 o
771 1281 890 1308 MYsIS
919 1281 1038 1307 MYsrs
1070 1272 1245 1316 primum
1273 1271 1460 1317 vocandi,
1490 1271 1662 1307 alterum
1691 1269 1924 1315 increpandi
1951 1271 2028 1307 est.

550 1350 573 1388 2
618 1361 699 1390 IAM
742 1361 884 1390 ream:
925 1362 969 1390 M.
1014 1362 1059 1390 iu.
1108 1361 1148 1390 v.
1193 1361 1247 1390 ex
1290 1354 1488 1401 tempore
1529 1350 1730 1400 probavit
1764 1350 1959 1390 locutam
1995 1360 2100 1391 vera

482 1436 579 1465 esse
611 1429 654 1466 et
686 1437 772 1466 non
804 1426 906 1467 ficta
938 1429 979 1466 et
1011 1427 1232 1466 simulata.
1266 1430 1333 1473 (a).

632 1503 648 1537 l
677 1512 748 1538 ῑΑΜ
778 1512 908 1537 raam:
937 1511 1111 1538 uomens
1137 1501 1285 1538 ‘ferme'
1302 1502 1535 1538 adverbium
1551 1503 1614 1538 est
1627 1501 1872 1538 festinantis.
1899 1501 1921 1536 2
1938 1503 2100 1544 (mnam

573 1555 639 1599 qui
676 1556 765 1592 sani
802 1559 916 1599 sunt,
961 1566 1032 1601 spe
1060 1556 1253 1599 longioris
1280 1557 1385 1592 vitae
1410 1556 1646 1601 adulantur,
1669 1554 1870 1601 Vergilius
1894 1555 1948 1592 ‘et
1972 1555 2099 1592 dulcis

574 1619 626 1645 m.
651 1619 682 1645 r.
707 1610 769 1645 A.'
795 1612 908 1646 (Aen.
937 1611 997 1647 10.
1025 1607 1131 1659 782).
1159 1610 1180 1645 3
1205 1620 1278 1645 IAM
1304 1620 1435 1646 ream:
1459 1619 1634 1646 uomens
1659 1609 1827 1648 affectus
1852 1619 1875 1646 a
1896 1611 2099 1656 tempore,

570 1664 673 1707 quod
703 1665 912 1709 postrema
940 1674 1021 1700 vox
1049 1665 1148 1700 erat.

550 1744 567 1781 1
608 1754 781 1783 ACCESSI
819 1755 895 1783 vos
927 1754 1124 1783 SEMOTAE
1155 1753 1235 1783 nos
1268 1754 1362 1782 som
1394 1742 1559 1792 figurae
1591 1743 1761 1793 proprie
1792 1743 2100 1794 Terentianae,

483 1816 702 1858 ἀσύνδετον
749 1822 792 1859 et
833 1819 1023 1869 ἔλλειψις,
1066 1823 1119 1865 (α)
1163 1821 1210 1858 ut
1242 1821 1308 1859 est
1340 1819 1447 1859 illud
1483 1818 1632 1869 ‘egone
1664 1819 1787 1859 illam
1820 1831 1871 1879 q.
1893 1819 1920 1859 i.
1954 1830 1993 1869 q.
2022 1815 2099 1860 m.'

483 1890 606 1941 (Eun.
651 1894 738 1946 65).
786 1897 811 1934 4
853 1896 1105 1945 Inceptio
1148 1896 1308 1935 dicitur
1349 1895 1578 1944 orationiS,
1611 1906 1722 1944 quae
1754 1896 1884 1945 longa
1915 1896 2099 1936 tacitur-

481 1971 619 2009 nitate
666 1970 877 2010 meditate
924 1972 1206 2020 graviterque
1253 1968 1498 2021 profertur,
1547 1971 1768 2020 Vergilius
1825 1971 1936 2012 ‘tum
1978 1973 2102 2022 pater

484 2047 781 2103 omnipotens,
819 2057 851 2086 r.
891 2057 926 2089 c.
961 2057 1001 2096 p.
1034 2058 1074 2097 p.
1108 2044 1153 2086 i.'
1186 2048 1307 2093 (Aen.
1351 2049 1417 2086 10.
1456 2048 1564 2092 100).
1594 2049 1618 2087 5
1652 2058 1730 2087 vos
1763 2058 1962 2088 semona
1992 2057 2035 2088 N.
2063 2058 2099 2088 s.

483 2122 635 2162 habuit
666 2121 812 2171 fidem,
849 2123 960 2170 quod
993 2123 1075 2162 soli
1107 2123 1292 2173 fuimuS,
1328 2123 1440 2172 quod
1472 2133 1601 2163 nemo
1635 2124 1780 2164 testis.
1813 2125 1868 2170 (a)

633 2197 648 2231 l
689 2209 715 2232 ιι
751 2199 836 2232 ‘vos
870 2197 1065 2233 semotae’
1099 2198 1212 2233 deest
1245 2197 1385 2242 ‘estis’,
1421 2199 1510 2233 ‘nos
1535 2196 1621 2233 soli·
1643 2199 1757 2235 deest
1785 2198 2098 2236 ‘remansimus'.

577 2251 598 2285 2
622 2260 768 2286 INCIPIT
792 2251 904 2286 deest
927 2251 1095 2287 ‘dicere'.
1120 2251 1141 2286 3
1167 2251 1422 2296 Praeparatio
1447 2253 1487 2288 et
1502 2252 1617 2296 quasi
1631 2252 1875 2289 vestibulum
1892 2253 2099 2290 orationis.

577 2305 599 2339 5
625 2315 647 2338 α
677 2314 725 2340 an
756 2304 909 2349 timuit,
933 2315 983 2341 ne
1007 2305 1082 2341 hoc
1106 2306 1220 2349 pater
1246 2308 1341 2342 ante
1369 2305 1576 2342 firmatum
1600 2316 1782 2354 amorem
1806 2309 2098 2352 cognosceret?

539 2385 558 2422 1
597 2395 645 2423 Mt
678 2395 901 2423 PAMPHILE
934 2384 1095 2435 μίμησις
1128 2396 1203 2434 per
1235 2386 1617 2435 prosopopoeiam,
1653 2387 1706 2428 (a)
1739 2387 1764 2425 2
1797 2387 2000 2428 imitatus
2031 2390 2100 2428 est

483 2460 616 2498 etiarn
645 2460 994 2499 blandimentum
1023 2459 1261 2509 Chrysidis.
1294 2463 1319 2500 4
1351 2472 1488 2500 Huius
1517 2472 1699 2501 FORMAM
1725 2473 1868 2508 A'rQUF.
1890 2474 2098 2504 AETATEM

484 2536 643 2585 duplex
680 2545 814 2575 causa
845 2536 1267 2576 commendationis:
1296 2537 1506 2576 formae
1540 2539 1582 2577 et
1624 2538 1856 2589 aetatis,
1891 2541 1934 2579 et
1965 2550 2099 2590 supra

484 2612 598 2657 (108)
631 2611 755 2651 ‘forte
788 2622 922 2652 unam
955 2613 1118 2662 aspicio
1151 2613 1548 2653 ‘adulescentulam’
1575 2618 1713 2663 (sqq).
1743 2616 1768 2654 5
1795 2625 1845 2655 m
1872 2625 2099 2656 PAMPmLE

483 2687 580 2726 vide
621 2687 836 2727 redditam
882 2689 978 2727 voci
1021 2689 1255 2728 morientis
1298 2689 1447 2728 densis
1479 2689 1728 2729 intervallis
1760 2691 2101 2742 intersumptam

483 2763 729 2803 orationem
763 2765 911 2812 utpote
943 2763 1061 2803 lasso
1095 2764 1293 2804 anhelitu
1324 2765 1661 2805 interveniente.

633 2837 650 2871 1
695 2847 718 2872 α
760 2838 801 2872 et
843 2838 1082 2882 principium
1124 2847 1146 2873 a
1183 2838 1469 2875 blandimento.
1511 2838 1534 2874 3
1574 2835 1595 2860 *
1632 2849 1759 2875 mnus
1792 2850 1960 2877 FORMAM
1987 2851 2028 2878 A.
2056 2853 2096 2879 A.

576 2892 684 2926 amat
707 2891 989 2936 compendium
1012 2891 1227 2928 lassitudo:
1246 2891 1443 2928 ‘formam‘
1459 2893 1566 2928 enim
1582 2892 1744 2930 dicendo
1759 2895 2097 2939 pulchritudinem

580 2943 795 2989 significat,
827 2945 1028 2981 ‘aetatem’
1057 2946 1161 2988 quod
1191 2955 1327 2990 parva.

538 3025 768 3061 UTRAEQUE
799 3026 952 3054 UTiLss
983 3016 1141 3064 legitur
1173 3018 1217 3056 et
1245 3015 1438 3056 ‘inutiles
1483 3016 1630 3057 sient’.

538 3091 562 3129 2
597 3102 647 3130 ΕΤ
681 3101 739 3129 AD
772 3101 860 3130 REM
889 3101 1133 3131 TUTANDAM
1165 3089 1370 3139 ἀπόδοσις.
