2242 3443
329 1167 406 1204 228

319 2963 394 2998 2:31

1193 233 1247 270 32

481 359 720 396 nuntiatur.
755 368 809 403 (α)
843 360 867 397 4
902 370 1032 397 MYSis
1064 370 1238 407 semper
1266 360 1446 398 nomina
1475 360 1744 399 comicorum
1773 369 2004 400 servorum
2021 363 2098 400 aut

481 445 506 473 a
539 435 788 474 nationibus
820 439 925 474 sunt
957 436 1113 483 indita,
1150 439 1198 474 ut
1232 436 1366 483 Mysis
1400 436 1556 483 Syrus.
1591 438 1668 474 aut
1695 446 1748 474 ex
1776 436 2095 487 accidentibus,

482 513 529 548 ut
561 511 734 558 Lesbia,
771 511 889 549 velut
921 511 1094 549 ebriosa
1127 522 1152 549 a
1183 511 1322 550 Lesbo
1351 511 1515 559 insula,
1546 511 1657 558 quod
1685 511 1808 550 ferax
1836 513 1904 550 est
1932 513 2097 552 suavis·

479 587 581 624 simi
627 587 1018 634 candidissimique
1066 588 1173 635 vini,
1224 589 1300 625 aut
1349 598 1374 625 a
1421 587 1617 625 moribus
1659 590 1700 625 et
1744 587 2011 636 vernilitate,
2050 589 2100 627 ut

481 663 743 711 pseudulus,
778 666 856 702 aut
888 675 942 702 ex
977 664 1175 712 negotio,
1211 666 1258 702 ut
1291 663 1552 711 Chrysalus,
1587 666 1664 702 aut
1692 673 1746 701 ex
1776 663 1990 711 qualitate
2008 674 2097 704 cor·

480 740 612 787 petie,
649 741 698 778 ut
729 740 968 789 Thylacus,
1004 742 1080 778 aut
1112 750 1166 778 ex
1199 740 1341 788 specie
1376 740 1562 787 formae,
1597 742 1647 777 ut
1677 739 1918 779 Pinacium.

652 814 673 849 3
706 825 728 847 (ι
760 816 803 849 ut
831 815 934 850 desit
966 816 1158 859 ‘pergam’
1189 816 1259 849 aut
1289 815 1443 849 ‘ducam
1475 814 1566 849 me’.

1291 1015 1315 1050 4

539 1166 557 1202 1
594 1174 750 1202 Aun1v1
783 1174 1003 1202 ARCHYms
1035 1174 1274 1203 1AMDUDUM
1310 1164 1416 1202 haec
1448 1165 1551 1202 sunt
1583 1164 1854 1203 inventionis
1885 1165 2095 1214 poeticae,

475 1242 526 1278 ut
564 1241 617 1279 ad
649 1239 883 1289 οἰκονομίαν
920 1241 1107 1279 facetiae
1140 1240 1303 1288 aliquid
1336 1240 1522 1291 addant,
1557 1250 1659 1278 nam
1693 1239 1902 1289 οἰκονομία
1933 1241 2017 1290 est,
2047 1242 2096 1278 ut

475 1319 725 1355 accersatur
773 1316 989 1355 obstetrix
1037 1318 1081 1355 et
1130 1317 1419 1355 conveniatur
1461 1316 1743 1365 Pamphilus;
1787 1316 1947 1354 facetia
1992 1317 2093 1355 scri-

478 1393 623 1431 bentis
670 1393 713 1430 in
756 1393 826 1431 his
870 1393 1013 1431 verbis
1056 1394 1138 1440 est,
1182 1393 1295 1440 quod
1328 1392 1536 1440 Archylis
1570 1392 1886 1441 compotricem
1921 1391 2094 1441 potissi·

474 1479 599 1507 mum
631 1469 785 1507 adduci
818 1469 963 1508 iubere
992 1469 1183 1517 fingitur.
1214 1469 1237 1506 2
1267 1469 1429 1507 Aomvr
1456 1480 1499 1507 A.
1528 1479 1556 1507 1.
1583 1468 1838 1516 frequenter
1866 1469 1947 1508 hoc
1964 1468 2094 1508 modo

476 1545 707 1584 Terentius
741 1545 1045 1593 compendium
1080 1545 1202 1593 facit,
1244 1547 1292 1583 ut
1325 1545 1555 1593 egrediens
1586 1544 1792 1592 loquatur
1824 1554 2011 1593 persona
2042 1545 2093 1583 de

477 1632 544 1669 eo,
589 1621 703 1669 quod
742 1624 810 1660 est
842 1623 1038 1670 gestura,
1074 1624 1117 1659 et
1149 1621 1282 1660 simul
1316 1622 1490 1670 doceat,
1524 1621 1626 1669 quid
1658 1621 1710 1659 ab
1743 1621 1885 1660 altera
1915 1622 2092 1670 gestum

476 1698 546 1737 sit.
597 1698 621 1736 3
669 1709 825 1737 AUDIVI
867 1709 908 1736 A.
952 1709 979 1736 1.
1022 1699 1170 1736 utrum
1215 1696 1487 1736 ‘iamdudum
1531 1696 1693 1736 audivi'
1730 1707 1786 1736 an
1820 1696 2093 1736 ‘iamdudum

473 1774 611 1812 iubes’
645 1774 814 1813 incerta
846 1774 1074 1812 distinctio
1109 1775 1192 1812 est.
1225 1774 1251 1812 4
1285 1773 1335 1812 Et
1367 1775 1470 1812 sunt
1497 1774 1570 1822 qui
1596 1769 1885 1812 ‘iamdudum’
1913 1783 2090 1822 quam·

474 1851 613 1898 prim
630 1861 652 1888 u
668 1851 728 1889 m’
747 1850 1031 1898 intellegunt,
1052 1852 1099 1888 ut
1120 1850 1390 1888 ‘iamdudum
1408 1850 1572 1888 sumite
1590 1851 1769 1898 poenas’
1788 1850 1897 1890 (Aen
1916 1850 1956 1889 2.
1979 1850 2090 1897 103).

535 1953 647 1981 SANE
693 1953 772 1981 Por,
815 1943 947 1980 ‘sane'
992 1942 1202 1990 multum,
1248 1941 1405 1991 valide,
1449 1952 1638 1990 namque
1684 1943 1855 1981 validus
1897 1944 1983 1993 est,
2017 1942 2092 1990 qui

474 2019 662 2057 multum
708 2028 854 2057 rerum
903 2020 1252 2057 necessariarum
1285 2019 1416 2057 habet
1448 2019 1501 2057 ad
1528 2019 1734 2058 salutem.
1767 2020 1792 2057 2
1826 2029 2090 2058 TEMULENTA

472 2095 634 2143 produc
676 2095 869 2143 primam
911 2095 1130 2143 syllabam
1173 2105 1238 2133 TE.
1273 2095 1297 2133 3
1331 2105 1592 2134 TEMULENTA
1629 2095 1876 2145 vinulenta,
1910 2097 1991 2135 hoc
2022 2097 2091 2135 est

473 2170 660 2217 ebriosa,
710 2172 812 2219 quia
854 2172 1124 2210 temetum
1169 2171 1342 2220 vinum,
1388 2171 1503 2210 unde
1546 2171 1860 2211 abstemius
1892 2173 2086 2220 sobrius;

473 2246 638 2286 dictum
672 2249 821 2286 autem
855 2249 1125 2287 temetum
1160 2248 1212 2286 ab
1247 2257 1295 2286 eo
1329 2248 1441 2295 quod
1477 2249 1720 2297 temptet
1752 2250 2010 2288 mentem.

645 2323 667 2356 4
696 2321 718 2345 ’ἴε
747 2332 986 2358 TEMULENTA
1019 2322 1112 2358 vino
1143 2329 1377 2358 TEMEBARIA
1407 2324 1567 2358 natura.
1628 2358 1632 2359 ⁷

537 2411 556 2447 1
594 2420 675 2448 Nnc
708 2421 831 2449 sAtrrs
863 2420 1001 2449 mGNA
1034 2421 1105 2450 cm
1139 2421 1174 2449 c.
1209 2421 1245 2449 Ρ.
1282 2411 1390 2450 bene
1424 2412 1467 2448 in
1501 2410 1784 2450 conclusione
1815 2411 1892 2450 illa
1924 2412 2085 2461 specia-

470 2485 569 2524 liter
610 2486 810 2534 probavit
852 2487 1033 2526 dicendo
1073 2497 1160 2526 non
1202 2487 1427 2535 idoneam,
1471 2487 1539 2525 cui
1582 2488 1886 2531 committatur
1916 2488 2086 2537 primus

469 2565 622 2610 partus
653 2563 864 2601 mulieris.
893 2563 917 2601 2
947 2563 1029 2601 Sed
1057 2563 1167 2601 mire
1195 2563 1453 2611 signateque
1471 2564 1583 2602 dixit
1603 2563 1901 2612 ‘committas’,
1922 2565 2085 2604 etenim

471 2637 884 2677 committimus
913 2649 1074 2687 magna
1099 2641 1145 2677 et
1173 2649 1282 2686 quae
1310 2639 1501 2678 salutem
1530 2640 1573 2677 in
1600 2639 1728 2678 dubio
1754 2639 1932 2679 habent.
1960 2641 1985 2679 3
2002 2650 2084 2679 nnc

468 2724 591 2752 SATIS
622 2724 761 2753 DIGNA
795 2725 865 2753 cm
898 2724 1145 2753 comanus
1182 2724 1314 2753 PRIMO
1347 2715 1457 2754 duas
1489 2725 1581 2754 res:
1616 2725 1697 2754 nec
1728 2716 1972 2764 parientem
2003 2726 2084 2756 nec

468 2791 610 2838 primo
657 2793 806 2839 partu:
855 2789 995 2840 figura
1041 2790 1114 2829 δύο
1163 2786 1208 2828 δι’
1254 2788 1361 2840 ἑνός,
1404 2793 1453 2829 ut
1494 2791 1712 2839 Vergilius
1761 2790 1861 2831 ‘non
1903 2803 1975 2831 me
2003 2792 2082 2831 tibi

466 2866 592 2905 Troia
623 2876 659 2905 e.
692 2868 734 2904 tf
768 2869 811 2906 et
844 2866 965 2906 ‘dum
999 2868 1155 2906 domus
1187 2868 1362 2906 Aeneae
1390 2865 1434 2906 C.
1462 2867 1489 2905 i.
1519 2868 1570 2906 S.’
1599 2868 1723 2912 (Aen.
1752 2870 1791 2908 3.
1813 2870 1884 2918 42,
1904 2870 1945 2911 9.
1963 2869 2079 2913 448).

531 2961 554 2997 2
578 2970 968 2999 IMPORTUNITATEM
983 2970 1199 2999 SPECTATE
1232 2960 1245 2997 i
1260 2969 1304 2997 m
1317 2969 1343 3007 p
1356 2969 1380 2998 o
1392 2969 1412 2997 r
1422 2960 1441 2997 t
1451 2969 1478 2997 u
1491 2969 1518 2997 n
1532 2960 1572 2997 it
1584 2970 1610 2998 a
1622 2970 1643 2997 s
1675 2970 1814 3007 neque
1841 2961 1924 2999 loci
1941 2970 2082 3009 neque

465 3037 676 3083 temporis
718 3037 848 3076 habet
890 3036 1267 3076 commoditatem.
1302 3036 1327 3074 3
1359 3046 1582 3074 ANIOULAE
1615 3036 1866 3084 Archylidis
1897 3036 2080 3076 scilicet.

642 3111 659 3145 1
693 3120 827 3146 TAMEN
857 3120 1052 3147 ADDUCAM
1080 3110 1182 3147 redit
1209 3111 1257 3145 ad
1286 3110 1379 3145 illud
1411 3110 1609 3153 ‘quamvis
1637 3111 1801 3146 coacta'.
