2242 3443
32 238 33 253 r„
10 0 38 217 ³5³&

162 362 237 398 193

160 510 234 547 194

155 812 231 848 196

149 1486 221 1521 197

143 2015 218 2051 198

140 2392 216 2429 200

141 2543 215 2579 199

1016 226 1070 263 23

370 356 389 393 1
427 364 587 392 ΜῙΝΙΜΕ
620 350 811 401 εἰρωνεία.
856 351 880 387 2
909 359 1090 394 NAMQUE
1125 361 1166 387 ID
1200 361 1332 389 ΜΕΤυΙ
1367 351 1544 399 εἰρωνεία
1578 356 1848 394 contumacis
1881 359 1922 395 et

307 430 489 469 ridicula
516 430 558 467 in
587 439 649 476 eo,
680 427 751 475 qui
779 426 867 464 iam
897 425 1048 463 amisit
1076 426 1129 473 id,
1161 426 1212 464 de
1241 436 1324 474 quo
1352 427 1457 466 dicit
1485 439 1530 467 se
1554 431 1647 477 cogi
1671 441 1754 468 non
1778 441 1919 479 posse.

364 515 459 544 NAM
502 515 582 542 neo
625 512 829 541 LIBERALI
874 511 1011 538 ILLAM
1054 501 1157 539 ordo
1200 504 1284 540 est:
1320 502 1487 541 liberali
1521 514 1654 543 causa
1687 516 1818 544 manu
1851 508 1919 545 ad-

305 591 422 629 sero,
457 582 501 618 et
533 582 638 617 sunt
671 578 778 615 iuris
811 576 959 623 verba,
996 586 1019 613 a
1053 576 1209 623 quibus
1243 578 1378 615 etiam
1414 579 1742 619 adsertores
1775 583 1918 621 dicun·

303 659 375 695 tur
400 655 593 694 vindices
617 653 784 692 alienae
803 651 1037 700 libertatis,
1058 654 1105 690 ut
1124 653 1165 690 et
1190 662 1321 691 causa
1344 654 1439 702 ipsa
1463 654 1724 694 liberalis
1748 656 1918 705 dicitur,

302 742 411 779 quae
446 731 663 769 actionem
698 729 740 766 in
773 739 819 766 se
853 728 1050 766 continet
1083 728 1313 768 libertatis.

366 809 383 846 i
432 817 512 845 PRO
555 815 753 844 SUPREME
795 813 997 842 IUPPITER
1042 804 1147 842 haec
1181 805 1388 844 allocutio
1422 807 1475 844 ad
1508 807 1589 846 hoc
1622 808 1798 846 inducta
1830 810 1915 856 est,

301 885 348 921 ut
381 893 435 921 ex
469 882 614 920 verbis
646 881 818 920 lenonis
851 882 1077 929 appareat,
1113 891 1243 928 quam
1282 882 1409 920 facile
1442 883 1564 921 mitis
1590 882 1683 922 fieri
1711 885 1847 932 possit
1875 886 1918 922 et

298 959 473 1006 quidvis
521 958 708 996 libenter
750 958 959 1005 accipere.
1000 957 1023 994 2
1053 967 1132 995 PRO
1166 968 1365 996 SUPREME
1397 969 1599 997 IUPPITER
1632 959 1916 1008 ‘supremum’

297 1045 568 1074 summum
603 1045 718 1072 nunc
746 1033 851 1072 dicit
868 1036 921 1077 (α)
951 1054 1019 1082 —‚
1051 1035 1099 1071 ut
1121 1033 1339 1082 Vergilius
1367 1036 1488 1076 (Aen.
1510 1037 1548 1075 7.
1569 1038 1669 1078 220)
1702 1037 1790 1075 ‘rex
1822 1037 1914 1085 ipse

298 1111 417 1149 Iovis
449 1112 499 1149 de
532 1113 660 1158 gente
693 1119 919 1158 suprema:
953 1109 998 1147 T.
1024 1110 1099 1148 Ae.
1126 1111 1155 1148 t.
1182 1120 1222 1148 n.
1249 1121 1285 1148 a.
1312 1110 1338 1149 l.
1364 1112 1437 1149 m.'
1472 1112 1554 1150 etsi
1587 1122 1675 1150 non
1708 1112 1912 1151 abhorret

299 1196 324 1224 a
363 1196 549 1234 persona
581 1187 624 1224 et
658 1185 797 1233 plebei
829 1187 871 1223 et
904 1184 1073 1222 lenonis
1107 1187 1149 1223 et
1183 1186 1270 1223 vim
1305 1187 1424 1234 passi
1457 1188 1605 1227 Iovem
1639 1189 1783 1236 ipsum
1816 1199 1912 1227 con-

299 1262 410 1300 vicio
453 1262 672 1310 prosequi,
719 1262 765 1299 ut
806 1261 964 1299 cotidie
1009 1261 1210 1300 videmus
1253 1262 1304 1300 ab
1342 1262 1595 1302 hominibus
1629 1264 1722 1303 eius
1753 1264 1835 1302 loci
1868 1265 1911 1302 et

296 1337 459 1375 ordinis
491 1336 595 1375 fieri.

466 1411 489 1446 2
511 1422 534 1445 α
555 1412 602 1446 ab
625 1420 671 1446 eo
688 1411 792 1453 quod
809 1411 871 1445 est
896 1420 1142 1454 superum
1168 1412 1207 1447 et
1234 1412 1509 1458 superius,
1531 1413 1575 1449 fit
1600 1424 1906 1458 supremum.

357 1484 375 1520 1
412 1493 572 1523 MINIME
605 1492 740 1520 MIROR
773 1492 846 1527 QUI
880 1493 1087 1520 msANffffl
1116 1493 1343 1522 OCCIPIUNT
1369 1494 1426 1522 Ex
1454 1494 1627 1523 INIURIA
1654 1496 1812 1525 sensus
1840 1486 1908 1524 hic

294 1560 379 1596 est:
414 1558 591 1597 insanos
623 1558 715 1596 fieri
750 1569 824 1606 per
857 1559 1060 1596 iniuriam
1096 1559 1324 1607 plerosque
1357 1560 1561 1609 mirabar,
1596 1563 1670 1600 sed
1703 1563 1790 1600 iam
1825 1572 1909 1600 non

295 1633 442 1682 miror,
488 1638 722 1682 postquam
768 1644 847 1682 ego
890 1635 982 1683 ipse
1024 1645 1098 1682 per
1141 1636 1368 1683 iniuriam,
1412 1647 1541 1683 quam
1592 1648 1690 1675 sum
1732 1648 1910 1686 passus,

290 1708 482 1748 insanire
510 1710 747 1758 compellor
771 1710 895 1757 adeo,
926 1712 974 1749 ut
1000 1711 1248 1749 exclamem
1278 1712 1367 1760 ‘pro
1396 1714 1623 1761 Iuppiterl'
1656 1714 1679 1751 2
1708 1714 1760 1751 Et
1777 1714 1909 1754 simul

291 1784 594 1823 animadverte
629 1786 886 1832 vigilantem
922 1788 1117 1834 poetam,
1147 1786 1409 1835 ubicumque
1436 1789 1477 1826 in
1507 1790 1732 1828 comoedia
1759 1800 1908 1828 vocem

289 1859 504 1908 tragicam
547 1861 772 1909 extulerit,
819 1863 973 1900 statim
1003 1872 1237 1910 personam
1272 1864 1533 1903 insanam
1572 1866 1728 1917 dicere,
1767 1866 1830 1905 sic
1867 1868 1910 1905 et

288 1945 420 1984 supra
446 1937 565 1981 (111)
594 1936 685 1986 ‘pro
713 1938 918 1987 Iuppiter,
948 1940 995 1977 tu
1024 1939 1154 1978 homo
1188 1940 1327 1988 adigis
1355 1951 1425 1980 me
1453 1942 1505 1980 ad
1534 1938 1789 1980 insaniaml‘

351 2013 369 2050 1
405 2022 464 2050 ΜΕ
496 2023 643 2051 ΙΝνῑΤο
677 2024 874 2052 ABDUXIT
908 2025 1034 2053 MmAM
1069 2016 1311 2054 honestiori
1344 2027 1553 2065 personae
1591 2018 1698 2056 haec
1731 2018 1909 2066 querela

287 2087 508 2126 sufficeret
537 2088 733 2128 ‘abduxit
756 2091 932 2139 meam’,
967 2093 1012 2128 at
1035 2091 1132 2130 leno
1161 2091 1268 2130 bene
1296 2093 1462 2131 addidit
1490 2093 1575 2132 ‘me
1603 2094 1774 2132 invito’:
1804 2104 1905 2132 nam

289 2162 566 2202 abducuntur
597 2165 855 2203 meretrices
889 2167 932 2204 et
965 2176 1062 2204 cum
1100 2167 1327 2206 voluntate
1358 2168 1580 2207 lenonum.
1615 2171 1638 2207 2
1672 2169 1722 2207 Et
1754 2171 1907 2208 decora

287 2238 448 2278 locutio
490 2250 564 2288 per
605 2238 782 2289 ἔλλειψιν
827 2241 910 2280 ‘me
953 2243 1091 2281 invito
1120 2243 1304 2282 abduxit
1334 2244 1636 2292 <meam>':
1671 2255 1755 2283 non
1789 2246 1904 2283 enim

276 2314 456 2369 ¹addidit
489 2314 709 2364 ‘puellam’
744 2318 819 2356 aut
850 2318 951 2365 quid
985 2317 1086 2357 tale.

339 2401 563 2429 TANTIDEM
596 2403 776 2431 EMPTAM
807 2403 1028 2432 POSTULAT
1056 2395 1150 2442 <s
1186 2396 1286 2444 Q>
1318 2396 1476 2444 legitur
1508 2397 1674 2444 <et>
1694 2393 1726 2441 1)
1760 2395 1903 2434 ‘tanti-

287 2465 384 2504 dem
420 2470 615 2515 emptam
648 2469 844 2516 postulat
875 2470 957 2507 sibi
989 2470 1154 2508 darier’.

349 2542 366 2578 1
412 2551 573 2581 ΗοΜΙΝΙ
610 2554 768 2583 M1SERo
811 2546 1055 2584 secundum
1099 2546 1205 2585 illud
1240 2547 1463 2585 Menandri
1495 2548 1815 2598 Ταιγοστηποιων
1846 2562 1903 2584 τοι

283 2629 548 2666 γοερπατοτον
590 2633 746 2668 γρωυον
780 2634 937 2670 οικετην
969 2622 1104 2671 λαβων
1129 2619 1172 2667 ²).
1207 2623 1231 2661 2
1265 2633 1425 2661 HOMINI
1453 2634 1609 2662 MISERO
1643 2634 1748 2661 PLUS
1782 2633 1900 2668 QUIN-

284 2701 449 2731 GENTos
475 2704 698 2733 COLAPHos
722 2697 1042 2735 contumeliosa
1061 2699 1215 2737 caedes
1234 2697 1469 2746 ‘colaphos’
1488 2701 1530 2737 et
1547 2699 1725 2747 indigna
1742 2699 1900 2746 lenoni,

283 2768 356 2815 qui
379 2770 423 2806 et
452 2769 673 2820 ‘infregit’,
704 2773 752 2809 ut
780 2772 967 2811 illudens
995 2773 1075 2812 hoc
1102 2774 1259 2813 fecisse
1286 2775 1532 2813 Aeschinus
1559 2776 1770 2823 videatur,
1800 2784 1896 2813 cum

185 2901 208 2942 ¹)
231 2900 376 2938 Inserui
404 2906 554 2945 <et>.

181 2953 207 2996 ²)
231 2955 311 2989 Van
342 2954 526 2992 Leeuwen
554 2958 624 2992 hoc
649 2959 867 3003 temptavit:

623 3015 774 3052 αἴσχιστα
798 3021 895 3044 ποιῶν
917 3017 1039 3046 τουτονὶ
1064 3017 1118 3046 τὸν
1141 3018 1254 3047 ἄθλιον

621 3066 804 3106 ἄνθρωπον,
829 3069 933 3108 ὥσπερ
959 3070 1079 3107 οἰκέτην
1102 3073 1205 3109 λαβὼν
1232 3070 1412 3108 <τιῑα>.

140 3107 346 3146 Menander
371 3113 526 3157 primam
552 3115 737 3159 syllabam
765 3116 802 3151 in
827 3126 927 3150 ποιεῖν
954 3118 1066 3162 vulgo
1091 3118 1252 3163 corripit,
1279 3120 1344 3154 sed
1372 3132 1448 3154 non
1474 3132 1630 3164 semper.
