2242 3443
145 334 222 371 375

139 867 214 903 377

136 1332 213 1368 379

129 2176 207 2212 380

129 2635 204 2671 382

1001 208 1055 244 49

353 332 370 369 1
406 342 480 369 nsi*
509 341 676 369 limem:
699 341 857 368 INEPTA
877 331 956 369 hoc
974 332 1025 369 ad
1045 342 1208 370 senem.
1232 333 1255 369 2
1276 343 1330 370 NE
1351 343 1485 370 mmm
1505 343 1610 371 Dono
1629 344 1680 372 nc
1700 337 1902 384 mentiar,

291 407 373 445 hoc
405 409 472 445 est
504 408 629 454 quasi
662 418 717 445 ex
751 408 968 445 contrario
1003 408 1146 446 dicere
1179 410 1341 457 videar,
1376 410 1451 447 sed
1485 412 1533 447 ut
1565 409 1715 448 sedulo
1748 411 1904 449 dicam.

290 483 315 521 3
347 492 490 527 ATQUE
522 493 729 522 ABSURDA
762 484 1015 531 ineptum
1049 486 1117 522 est
1148 484 1338 523 stultum
1371 487 1567 533 tantum,
1603 485 1901 525 absurdum

290 559 402 606 quod
430 561 473 597 et
499 559 686 598 stultum
715 561 782 598 est
811 562 854 598 et
880 561 924 599 in
952 561 1046 609 ipsa
1073 560 1264 599 stultitia
1292 561 1515 599 diversum
1543 563 1587 600 et
1612 562 1737 608 quasi
1755 573 1902 611 repug-

290 644 400 672 nans
432 633 533 681 sibi;
567 635 630 672 sic
658 645 759 682 ergo
792 635 965 674 locutus
994 638 1080 683 est,
1110 637 1158 673 ut
1185 636 1387 675 videatur
1413 637 1662 685 ineptam
1688 638 1901 677 rationem

288 711 342 748 ad
384 709 655 749 Aeschinum
698 711 877 760 referre,
922 712 1219 750 absurdam
1263 713 1315 751 ad
1357 713 1608 761 Micionem,
1653 724 1782 761 quem
1816 715 1903 753 iam

287 786 473 825 stultum
506 785 599 825 fieri
629 786 839 834 <non>
871 788 1140 826 contrarium
1174 789 1392 827 senectuti
1423 790 1504 827 est.

347 864 366 900 1
397 872 603 901 CONGRUM
625 873 757 901 1s'rUM
774 874 989 902 MAXIMUM
1013 863 1218 913 διαστολή,
1237 864 1339 912 quia
1357 867 1482 903 erant
1500 865 1573 903 alii
1592 875 1677 904 non
1695 867 1903 914 maximi;

286 939 334 976 ut
375 948 397 976 e
441 938 658 977 contrario
701 938 843 987 (Verg.
864 939 936 977 Ge.
957 940 995 977 2.
1016 940 1087 985 99)
1131 939 1387 987 ‘argitisque
1419 936 1590 989 minor',
1629 942 1730 988 quia
1763 945 1830 981 est
1861 945 1906 982 et

284 1014 437 1062 maior,
474 1024 577 1052 nam
612 1014 774 1053 ‘istum'
808 1015 921 1062 quod
955 1015 1017 1054 ait
1050 1014 1245 1053 δεικτικόν
1278 1017 1367 1063 est;
1407 1016 1580 1055 videtur
1613 1017 1729 1056 enim
1763 1020 1903 1057 osten·

284 1089 385 1128 dere
413 1090 566 1139 digito,
603 1100 733 1138 quem
766 1091 895 1130 dicat.
926 1091 950 1128 2
979 1101 1025 1129 IN
1053 1101 1176 1136 AQUA
1204 1102 1345 1130 smr'ro
1374 1103 1543 1131 LUDERE
1573 1103 1816 1132 PAULISPER
1843 1096 1904 1133 sic

285 1166 530 1204 ostenditur
561 1166 670 1204 bene
703 1166 961 1215 obsonasse‚
997 1167 1069 1214 qui
1107 1168 1234 1206 vivos
1267 1168 1416 1206 attulit
1442 1169 1598 1217 pisces.
1633 1171 1686 1218 (α)

458 1248 483 1284 2
511 1258 535 1282 α
562 1258 658 1283 nam
690 1258 769 1284 non
800 1248 900 1284 ludit
933 1248 1056 1293 piscis
1086 1249 1167 1285 nisi
1194 1250 1328 1285 vivus.

347 1331 365 1366 1
400 1337 528 1366 Pmos
559 1337 669 1366 nono
701 1328 886 1377 superbe
921 1331 964 1367 et
995 1339 1072 1377 pro
1104 1330 1365 1369 auctoritate
1398 1340 1483 1369 non
1521 1331 1632 1370 dixit
1661 1330 1757 1370 ‘non
1786 1342 1903 1381 opor-

281 1404 358 1443 tet’
400 1404 474 1442 sed
516 1403 661 1445 ‘nolo’.
696 1407 749 1446 (a)
793 1405 817 1442 2
851 1405 903 1443 Et
935 1405 1043 1443 nihil
1075 1415 1131 1444 ex
1163 1416 1287 1444 mora
1319 1406 1591 1455 corruptelae
1623 1417 1902 1447 accessurum

283 1480 391 1529 pisci
424 1491 477 1519 ex
511 1491 560 1520 eo
593 1481 802 1530 ostendit,
838 1481 950 1529 quod
983 1481 1044 1520 ait
1078 1481 1268 1531 ‘ludere‘,
1299 1482 1381 1521 hoc
1408 1484 1475 1521 est
1502 1485 1546 1521 et
1571 1483 1720 1522 vivere
1748 1487 1791 1522 et
1816 1494 1902 1523 non

280 1556 452 1596 laesum
479 1558 650 1605 vivere;
680 1567 766 1596 non
795 1557 912 1596 enim
940 1557 1052 1595 dixit
1080 1556 1274 1606 ‘natare’,
1304 1558 1414 1606 quod
1444 1560 1630 1606 possunt
1652 1559 1786 1598 etiam
1814 1560 1901 1599 lan-

284 1633 403 1681 guidi
435 1633 597 1683 pisces;
631 1634 723 1682 ipse
756 1633 891 1672 etiarn
925 1633 1106 1682 planum
1139 1633 1263 1682 fecit,
1298 1634 1400 1682 quid
1434 1635 1489 1672 sit
1524 1635 1687 1684 ‘purga'
1720 1636 1901 1676 dicendo

283 1703 603 1758 'exossabitur’,
648 1708 813 1757 ‘purga’
850 1709 986 1757 igitur
1018 1719 1222 1748 exossa
1253 1709 1485 1759 significat,
1519 1721 1607 1750 non
1641 1713 1690 1750 ut
1720 1713 1899 1759 quidam

282 1787 442 1834 putant
484 1785 793 1824 ‘exossabitur’
837 1785 1176 1824 comedetur.
1220 1786 1244 1824 3
1278 1797 1380 1825 mm
1414 1797 1580 1832 QUIDEM
1613 1798 1700 1827 NON
1733 1799 1896 1828 PLACET

279 1872 433 1901 rursus
474 1862 554 1900 hoc
601 1862 654 1900 ad
695 1871 861 1911 senem,
907 1863 950 1900 et
991 1862 1090 1901 vide
1132 1872 1263 1910 quam
1296 1865 1441 1902 totum
1474 1864 1659 1913 superbe
1692 1866 1735 1903 et
1769 1864 1898 1904 confi-

282 1939 438 1978 denter
478 1938 640 1976 dixerit
682 1937 734 1977 ob
777 1938 1020 1977 amicitiam
1054 1939 1252 1977 omnium
1286 1940 1563 1979 dominorum
1597 1943 1780 1990 excepto
1811 1952 1898 1981 uno

276 2013 459 2063 Demea,
492 2023 622 2062 quem
653 2002 744 2052 tam
777 2014 829 2053 de
861 2014 949 2053 illis
982 2015 1241 2054 contemnit.

449 2096 468 2131 1
499 2106 524 2132 α
554 2097 795 2132 subauditur
824 2098 961 2132 autem
991 2097 1169 2142 ‘purgari
1198 2098 1319 2133 eum’.

337 2176 356 2213 1
401 2186 692 2215 sALsAMENTA
734 2177 815 2216 hoc
856 2177 909 2216 ad
951 2177 1229 2226 discipulum.
1275 2178 1299 2215 2
1343 2188 1634 2218 SALSAMENTA
1677 2182 1753 2219 aut
1790 2181 1894 2219 salsi

276 2251 418 2299 pisces
445 2254 521 2291 aut
546 2253 731 2292 lardum.
762 2255 787 2292 3
815 2264 1108 2292 SALSAMENTA
1135 2265 1252 2293 HAEC
1279 2265 1524 2293 STEPHAmo
1553 2255 1597 2293 in
1614 2257 1709 2294 tota
1727 2267 1893 2295 comoe-

277 2327 347 2380 dia
388 2339 519 2377 opera
551 2330 694 2369 danda
727 2332 813 2378 est,
849 2333 894 2369 ut
928 2331 1236 2371 stomachetur
1268 2331 1451 2381 Demea,
1486 2335 1669 2381 excepto
1702 2334 1814 2380 quod
1847 2344 1893 2372 se

275 2403 367 2452 ipse
399 2405 443 2443 in
475 2404 561 2445 fine
595 2408 861 2445 commutat:
900 2407 1008 2446 haec
1040 2418 1140 2456 ergo
1174 2418 1307 2447 causa
1340 2410 1423 2457 est,
1457 2419 1591 2456 quare
1624 2409 1760 2456 Syrus
1793 2420 1890 2457 quo-

275 2490 359 2528 que
384 2481 448 2520 illi
475 2481 662 2521 obicitur
686 2482 917 2531 magnifice
940 2483 1133 2522 inferens
1160 2494 1207 2522 se
1229 2486 1276 2523 ut
1302 2484 1583 2524 luxuriosum
1600 2485 1889 2532 licentemque

274 2567 470 2607 servum,
505 2559 764 2606 praesertim
797 2560 869 2606 qui
902 2559 1235 2599 adolescentum
1268 2561 1547 2609 paedagogus
1579 2561 1723 2600 fuerit.

335 2634 355 2671 1
400 2644 552 2672 UTRUM
595 2645 809 2673 STUDIONE
853 2636 929 2673 aut
971 2635 1073 2674 ordo
1116 2637 1183 2675 est
1220 2635 1455 2675 ‘utrumne’
1489 2639 1564 2675 aut
1595 2639 1664 2675 est
1694 2635 1889 2685 παρέλκον

271 2709 452 2748 tertium
480 2711 556 2748 aut
583 2720 686 2749 vero
713 2720 787 2759 per
819 2708 994 2759 ἔλλειψιν
1026 2711 1250 2760 accipitur,
1281 2712 1408 2759 quasi
1440 2713 1557 2751 dicat
1586 2711 1746 2750 ‘utrum
1776 2708 1886 2751 est?'

272 2787 347 2824 aut
380 2785 544 2826 ‘utrum
577 2797 731 2827 verum
766 2789 834 2826 est
846 2788 880 2825 ‘3'
907 2788 1021 2835 quod
1048 2789 1121 2835 qui
1148 2789 1327 2837 accipit,
1357 2788 1534 2828 ‘utrum’
1562 2788 1888 2836 subdistinguat

271 2863 316 2901 et
346 2865 520 2911 separet
553 2874 578 2902 a
609 2863 895 2911 sequentibus
927 2874 1107 2903 necesse
1141 2866 1220 2903 est.
1250 2865 1289 2903 3.
1319 2875 1530 2903 srumom:
1559 2875 1603 2902 ID
1629 2874 1713 2902 srssr
1740 2874 1885 2901 HABET

271 2938 308 2975 si
340 2939 490 2992 sciens,
516 2939 651 2978 laedit
682 2937 852 2977 filium?
884 2940 910 2977 4
944 2950 1081 2978 LAUDI
1115 2950 1256 2978 PUTAT
1289 2941 1390 2987 quia
1423 2940 1594 2988 decipit.

443 3012 468 3048 2
495 3023 637 3048 UTRUM
665 3022 864 3048 STUDIONE
897 3015 968 3048 aut
996 3013 1162 3049 ‘utrum’
1196 3023 1494 3058 supervacuum
1530 3015 1592 3048 est
1617 3014 1687 3048 aut
1713 3012 1788 3047 ‘ne’
1814 3013 1884 3047 aut

389 3067 495 3102 certe
522 3071 652 3111 τμῆσις
680 3067 808 3110 figura
835 3067 897 3102 est
926 3077 998 3111 pro
1027 3067 1260 3103 ‘utrumne'.

162 3136 322 3163 KARSTEN‚
340 3130 429 3159 Com.
447 3131 529 3159 Don.
1743 3132 1774 3156 ⁴⁵*
