2242 3443
948 181 1027 216 145

98 302 174 339 292
416 312 541 337 occrm
584 303 733 346 produc
779 301 950 337 mediam
993 302 1189 346 syllabam
1226 302 1347 337 huius
1387 304 1495 338 verbi
1533 306 1571 338 et
1607 307 1851 341 contrarium

361 355 573 399 significat.
910 396 914 400 .

98 432 175 468 294
302 429 320 466 1
364 438 440 465 UBI
482 437 693 472 QUAEEAM
735 427 815 465 hoc
854 427 1261 474 circumspectantis
1303 429 1381 465 est.
1424 429 1446 465 2
1492 439 1565 466 Ussr
1596 439 1857 468 mvESTmEM

246 502 343 550 plus
384 502 546 541 intulit.
591 504 615 540 3
659 513 775 547 QUEM
816 512 1067 541 PERCONTER
1100 503 1180 541 hoc
1221 503 1381 540 iterum
1424 503 1522 550 plus
1555 505 1720 553 intulit,
1756 516 1854 544 nam

244 578 316 617 ubi
349 588 427 616 nec
462 578 697 626 vestigium
732 579 991 626 reperietur,
1026 580 1228 625 superest
1261 578 1556 624 interrogatio.
1590 581 1614 617 4
1642 591 1762 625 QUAM
1796 592 1856 619 IN-

247 665 403 692 SISTAM
436 664 547 692 viAM
584 654 621 692 si
653 664 732 693 nec
763 664 893 701 quem
920 654 1160 701 interroget
1186 657 1380 702 apparet.
1410 655 1434 692 5
1462 663 1499 698 Q.
1529 665 1556 692 1.
1584 665 1623 693 V.
1642 655 1798 703 legitur
1817 658 1859 694 et

248 730 347 778 ‘qua
377 730 478 768 via’.

99 809 175 846 295
300 807 323 843 4
356 816 431 843 Ussr
462 816 536 843 UBt
568 816 642 843 EST
675 816 751 843 DIU
784 815 939 843 CELARI
972 815 1058 842 NON
1093 815 1247 843 POTEST
1281 805 1334 844 ob
1368 806 1548 844 nimiam
1582 806 1750 845 scilicet
1781 807 1860 845 for-

250 891 347 920 mae
380 882 584 929 gratiam.

101 961 177 996 296
305 958 321 994 1
359 967 382 995 o
415 967 576 995 FACIEM
609 967 849 995 PULCHRAM
883 955 1068 995 ‘faciem’
1103 956 1230 995 modo
1264 966 1351 994 non
1383 959 1552 1004 partem
1588 958 1776 1006 corporis
1803 958 1859 997 di-

247 1032 306 1070 cit
338 1033 413 1071 sed
443 1035 580 1071 totam
615 1033 824 1081 speciem,
853 1043 963 1080 quae
992 1035 1170 1080 apparet
1200 1035 1244 1070 et
1272 1033 1486 1079 cernitur;
1516 1033 1733 1080 Vergilius
1763 1033 1859 1080 ‘qui-

248 1107 329 1146 bus
359 1118 515 1156 aspera
546 1109 767 1155 quondum
803 1109 899 1146 visa
935 1108 1071 1146 maris
1103 1108 1252 1146 facies’
1285 1109 1407 1158 (Aen.
1442 1110 1480 1146 5.
1516 1109 1632 1157 767).
1667 1110 1689 1146 2
1726 1120 1859 1148 DELEo

249 1194 390 1221 OMNES
422 1194 584 1222 DEHINC
616 1195 671 1222 Ex
704 1194 843 1222 ANIMO
875 1194 1090 1222 MULIERES
1123 1182 1219 1230 πρὸς
1252 1182 1293 1220 τὸ
1321 1183 1499 1221 πιθανόν
1528 1187 1860 1231 argumentatus

249 1261 333 1307 est,
378 1261 426 1298 ut
465 1261 718 1298 ostenderet.
759 1260 874 1297 hunc
917 1259 1125 1307 grandem
1164 1260 1251 1297 iam
1284 1259 1499 1307 ephebum
1533 1260 1665 1298 etiam
1700 1262 1860 1298 amoris

249 1337 472 1382 expertem
507 1345 588 1374 non
624 1335 781 1382 fuisse;
811 1336 874 1373 sic
904 1336 945 1373 et
972 1335 1074 1372 alibi
1101 1338 1156 1380 (v.
1188 1336 1286 1373 565»
1316 1334 1428 1373 ‘cum
1459 1346 1529 1373 me
1556 1336 1699 1384 ipsum
1728 1337 1858 1384 <no-

248 1411 368 1460 ris>
399 1422 530 1459 quam
564 1411 742 1460 elegans
774 1411 1015 1449 formarum
1048 1412 1270 1458 spectator
1300 1411 1446 1449 siem?
1482 1412 1525 1449 in
1558 1412 1638 1450 hac
1671 1422 1858 1451 commo—

249 1489 323 1526 tus
353 1488 481 1526 sum’.

102 1568 175 1603 297
306 1566 323 1602 1
365 1574 532 1602 TAEDET
579 1573 911 1602 COTIDIANARUM
948 1573 1107 1600 HARUM
1139 1573 1381 1601 FORMARUM
1415 1565 1494 1602 hoc
1527 1566 1593 1602 est
1620 1564 1781 1602 levium
1818 1567 1859 1602 et

247 1639 534 1686 usitatarum,
578 1641 621 1677 et
663 1641 731 1677 est
772 1640 870 1678 huic
904 1639 1172 1677 contrarium
1213 1638 1339 1677 ‘nova
1371 1638 1509 1687 figura
1542 1640 1651 1680 oris:
1685 1641 1857 1688 papael'

247 1725 303 1764 (v,
336 1716 449 1763 317).
483 1715 507 1753 2
540 1725 642 1753 ECOE
675 1726 825 1754 AUTEM
852 1726 995 1754 ALTER
1020 1717 1082 1756 Sic
1108 1715 1313 1765 dicimus,
1343 1726 1442 1753 cum
1470 1717 1644 1764 propter
1671 1716 1856 1754 alterum

249 1790 300 1829 de
333 1790 472 1829 altero
504 1791 625 1829 venit
654 1791 697 1829 in
731 1793 942 1830 mentem.

100 1869 176 1907 298
304 1868 323 1904 1
366 1876 515 1905 ΝΕεοῙο
549 1877 651 1912 Qum
682 1878 735 1905 DE
767 1878 914 1906 AMORE
945 1877 1161 1912 LOQUITUR
1192 1869 1240 1906 ut
1271 1867 1527 1905 iamdudum
1560 1867 1771 1906 Phaedria
1802 1868 1859 1907 lo-

247 1942 474 1990 quebatur.
503 1943 526 1980 2
556 1953 579 1981 o
605 1946 901 1982 FORTUNATUM
929 1954 1070 1982 SENEM
1098 1944 1177 1981 hoc
1203 1943 1316 1982 dicto
1335 1944 1602 1990 praestruxit
1620 1944 1671 1982 ad
1691 1944 1858 1982 exitum

245 2017 416 2057 fabulae
445 2019 515 2065 [ad
543 2019 861 2068 καταστροφήν];
889 2029 993 2058 nam
1019 2019 1300 2068 perturbatus
1323 2020 1374 2058 ad
1394 2019 1603 2057 Thaidem
1621 2020 1861 2067 ingreditur

246 2094 314 2133 hic
343 2104 479 2133 senex
511 2104 585 2142 per
615 2095 834 2134 fallaciam
863 2096 1048 2143 Pythiae
1081 2097 1125 2134 et
1154 2096 1364 2134 indicium
1400 2096 1702 2145 Parmenonis,
1731 2099 1858 2142 atque

244 2170 306 2209 ita
336 2169 625 2209 firmabuntur
657 2172 835 2219 nuptiae
868 2172 1070 2220 virginis,
1106 2181 1238 2218 quam
1271 2172 1399 2209 ducet
1430 2170 1635 2210 Chaerea.

100 2247 176 2287 299
302 2248 321 2284 1
366 2257 440 2286 Hic
476 2257 586 2285 VERo
619 2258 693 2285 EST
724 2249 873 2286 utrum
907 2257 1045 2286 senex
1077 2257 1131 2285 an
1165 2246 1389 2285 Chaerea?
1422 2249 1475 2288 (α)
1510 2250 1533 2286 3
1568 2257 1639 2292 QUI
1671 2258 1709 2285 SI
1741 2258 1840 2286 occn

246 2323 371 2361 PERIT
404 2322 608 2362 Chaerea.

420 2398 438 2432 1
469 2408 493 2432 α
522 2397 598 2433 Sed
627 2406 753 2433 senex
780 2397 927 2441 potius.
960 2398 981 2432 2
1011 2407 1079 2433 HIC
1108 2408 1210 2433 VERo
1241 2408 1312 2433 EST
1340 2407 1478 2433 senex.

102 2472 175 2507 301
307 2469 327 2506 1
362 2478 498 2506 ILLUM
529 2479 733 2508 ALTERUM
767 2479 938 2507 PRAEUT
970 2480 1107 2507 Huius
1140 2479 1298 2507 RABIES
1326 2469 1457 2517 ‘prae’
1485 2479 1548 2507 ex
1582 2480 1855 2517 compara-

246 2543 402 2583 tione
434 2542 673 2592 significat,
703 2555 806 2592 ergo
836 2544 1020 2592 ‘praeut’
1048 2544 1236 2593 proprie,
1268 2546 1311 2583 et
1339 2545 1405 2583 est
1431 2545 1603 2592 integra
1629 2545 1803 2592 locutio,
1832 2546 1856 2583 2

246 2621 290 2658 et
315 2619 442 2658 ordo:
476 2621 630 2668 praeut
657 2619 732 2658 illa
759 2621 862 2658 sunt
884 2619 1119 2668 <quae>
1146 2621 1274 2658 huius
1301 2619 1444 2658 rabies
1475 2620 1605 2658 dabit.
1635 2621 1659 2658 3
1678 2620 1730 2657 Et
1748 2621 1854 2658 bene

244 2694 378 2734 ‘dabit
405 2696 530 2743 quasi
552 2696 603 2734 de
631 2706 676 2734 re
702 2696 913 2746 violenta,
934 2699 982 2735 ut
1002 2696 1136 2735 ‘dabit
1152 2697 1225 2734 ille
1244 2697 1416 2734 ruinam
1437 2697 1489 2734 a.'
1508 2697 1618 2749 (Aen
1654 2697 1719 2733 12.
1739 2696 1853 2737 453).

248 2771 272 2808 5
315 2780 487 2809 PRAEUT
529 2782 572 2809 H.
616 2781 656 2810 R.
695 2782 732 2816 Q.
777 2783 816 2810 D.
860 2773 904 2810 et
936 2771 1006 2810 hic
1038 2772 1282 2809 ostenditur
1314 2771 1401 2808 iam
1434 2771 1599 2818 pridem
1634 2772 1778 2808 motus
1810 2772 1853 2809 in

245 2855 314 2884 res
346 2845 547 2884 venerias
578 2844 791 2895 Chaerea,
825 2848 868 2886 et
901 2856 1064 2895 magna
1095 2854 1249 2894 poetae
1277 2856 1381 2884 cura
1411 2848 1493 2893 est,
1524 2855 1577 2883 ne
1603 2845 1853 2884 incredibile

244 2920 441 2959 videatur
473 2921 872 2971 adulescentulum,
906 2922 976 2969 qui
1011 2931 1086 2970 pro
1121 2921 1317 2960 eunucho
1350 2920 1500 2958 deduci
1525 2921 1731 2968 potuerit,
1761 2922 1852 2959 tam

180 3027 184 3030 .
242 2995 444 3044 expedite
470 2996 686 3044 virginem
715 2984 916 3043 vitiasse;
947 2997 1149 3044 quocirca
1175 2995 1334 3034 artifex
1360 3005 1564 3033 summus
1592 2996 1703 3043 quod
1720 2996 1855 3034 aetati

245 3081 331 3109 non
361 3072 504 3119 potest
534 3073 718 3111 naturae
752 3072 956 3111 attribuit
984 3070 1222 3118 Chaereae,
1243 3072 1292 3108 ut
1310 3070 1487 3108 calidior
1504 3071 1677 3119 ingenio
1694 3073 1737 3109 et
1754 3073 1854 3110 ante

205 3139 362 3175 Karsten,
380 3140 468 3169 Com.
486 3140 571 3170 Don.
1715 3140 1750 3168 10
