2242 3443
916 184 1000 221 245

84 309 134 345 (56
215 307 379 343 Servius
417 308 465 343 ad
501 307 526 343 1.
547 307 592 342 1.;
628 307 802 343 honesta
830 306 960 351 figura
989 305 1022 341 si
1054 315 1139 342 rem
1168 306 1312 342 tertiae
1341 315 1539 350 personae
1567 306 1605 341 in
1636 307 1851 342 secundam

165 369 329 405 referas.

85 432 132 467 67
215 430 358 467 Donati
392 431 532 466 verba:
564 429 816 474 ‘obsequium
845 430 1080 465 adsentator
1109 429 1237 473 debet,
1268 428 1422 464 amicus
1452 429 1679 466 veritatem'
1708 430 1747 465 in
1777 440 1853 466 me-

164 492 334 528 moriam
373 493 563 527 revocant
602 491 801 527 Ciceronis
830 492 951 527 verba
979 491 1019 525 in
1048 491 1183 526 Laelio
1214 490 1284 527 89:
1314 491 1566 526 ‘assentatio’
1597 493 1635 527 et
1665 501 1764 535 quao
1795 502 1854 528 se-

166 554 346 597 quuntur
376 563 504 596 usque
537 554 606 589 ad:
639 554 697 588 ‘ut
726 553 774 588 ab
802 553 930 588 amico
959 562 1100 587 verum
1130 552 1267 587 audire
1294 551 1493 594 nequeat'.

86 615 136 651 68
221 616 239 651 1
279 614 450 650 Remoto
487 615 725 650 emblemate
758 616 776 650 1
819 624 842 647 a
880 614 1028 656 (‘huius
1058 624 1094 648 V.
1126 623 1219 657 pars
1249 612 1482 656 improbior’
1512 623 1596 657 sqq.
1628 614 1854 651 observatio

164 676 328 721 puerilis
366 676 516 711 nullius
547 676 690 721 pretii),
720 676 887 711 alteram
917 677 1092 720 partem:
1126 675 1286 710 ‘falsum
1311 676 1374 709 est
1404 675 1553 709 autem·
1584 685 1666 718 sqq.
1698 676 1735 709 in
1766 676 1854 720 ipso

164 738 393 774 commento
432 738 693 773 coniunctam
733 737 859 772 tuisse
899 737 1084 781 suspicor
1122 746 1213 772 cum
1252 735 1418 780 scholio,
1448 736 1550 778 quod
1579 737 1777 780 praecedit
1806 738 1853 772 ad

168 799 228 835 67.
268 799 453 835 Ceterum
492 799 631 834 dubito
665 808 715 834 an
744 799 818 834 hoc
845 803 981 834 minus
1010 799 1118 834 iuste
1147 797 1277 833 Tullio
1303 797 1527 840 imputetur
1555 798 1744 833 scribenti
1768 800 1853 833 tan-

166 862 278 896 tum:
316 860 368 895 ‘in
408 860 599 904 obsequio
639 862 791 905 autem,
829 860 1019 904 quoniam
1055 859 1296 896 Terentiano
1326 859 1448 894 verbo
1477 858 1647 894 libenter
1675 860 1855 895 utimur'.

167 922 227 957 Ad
260 922 356 958 Pho.
395 922 486 959 372.
524 923 547 958 2
584 922 753 966 legitur:
784 922 959 966 ‘Quaerit
988 922 1141 957 Probus
1175 921 1265 964 quis
1296 921 1391 956 ante
1420 920 1654 956 Terentium
1684 921 1854 957 dixerit’.

167 983 436 1028 Quintilianus
459 994 558 1020 sane
582 984 618 1020 8.
642 984 677 1020 3.
704 984 753 1020 35
779 984 901 1020 etiam
926 985 1044 1028 putat
1064 993 1087 1019 a
1103 982 1290 1019 Terentio
1308 981 1484 1026 primum
1500 983 1746 1026 usurpatum
1763 992 1854 1018 esse

167 1046 416 1090 obsequium.
499 1047 523 1082 2
552 1046 877 1091 conglutinatum
906 1056 927 1082 e
956 1046 1055 1082 Don.
1083 1045 1153 1090 67;
1180 1045 1312 1081 Cicero
1335 1045 1495 1088 praeter
1519 1044 1639 1079 verba
1663 1044 1853 1079 aDonato

168 1108 290 1144 citata
325 1108 441 1153 nihil,
482 1107 527 1143 cf.
567 1108 688 1153 praef.
727 1118 764 1153 p.
804 1118 843 1144 x.
927 1107 950 1144 3
989 1107 1104 1143 iuxta
1142 1106 1190 1143 67
1228 1106 1384 1142 Donato
1423 1115 1503 1141 non
1532 1105 1663 1149 magis
1693 1105 1854 1141 concedi

171 1170 324 1215 potest.

90 1232 140 1268 69
224 1233 242 1268 1
282 1231 485 1267 Scholium
524 1231 740 1267 obscurum
779 1234 843 1274 (an
880 1231 1165 1278 corruptum?)
1206 1229 1434 1274 significare
1470 1228 1647 1264 videtur:
1680 1227 1857 1264 ‘interea’

167 1302 474 1338 nonnumquam
517 1294 596 1339 (est
638 1298 744 1336 cum)
786 1294 910 1330 etiam
952 1293 1130 1329 adhiberi
1168 1301 1289 1337 posse
1328 1291 1463 1333 (habet
1495 1286 1783 1339 instantiam‘?)
1813 1291 1860 1326 de

167 1355 287 1391 rebus
317 1356 445 1392 multo
473 1358 568 1392 ante
597 1355 725 1392 factis.
757 1355 810 1392 Of.
839 1355 927 1394 363.
958 1356 1002 1391 4:
1034 1355 1227 1398 ‘interea’‚
1253 1353 1358 1397 longi
1385 1354 1580 1397 temporis
1605 1351 1859 1396 significatio,

164 1418 204 1453 et
233 1418 431 1454 scholium
459 1418 582 1454 etiam
611 1418 748 1454 minus
778 1419 965 1463 apertum
1004 1419 1051 1454 de
1088 1427 1184 1453 voce
1210 1415 1397 1452 ‘interim'
1426 1415 1512 1452 108.
1529 1415 1563 1450 2.
1589 1414 1857 1449 Hartman-

169 1489 266 1514 nus
305 1480 344 1515 in
383 1479 482 1515 libro
521 1481 569 1516 de
610 1480 798 1516 Terentio
828 1481 869 1516 et
906 1480 1066 1516 Donato
1095 1490 1133 1524 p.
1164 1479 1237 1517 128
1269 1479 1325 1514 sic
1355 1477 1537 1522 scripsit:
1569 1476 1643 1511 ‘An
1674 1475 1771 1511 haec
1799 1476 1862 1511 est

169 1541 392 1577 sententia:
431 1542 586 1578 interea
622 1543 711 1577 tum
740 1542 915 1586 ponitur,
946 1551 1037 1577 cum
1067 1551 1174 1577 nova
1202 1550 1244 1576 re
1274 1539 1419 1584 oblata,
1449 1539 1512 1574 iile
1541 1538 1608 1582 qui
1636 1539 1752 1572 antea
1783 1536 1857 1572 fuit

170 1612 306 1638 rerum
344 1604 539 1639 decursus
586 1603 720 1639 subito
756 1603 916 1640 sistitur
953 1613 1129 1647 moxque
1165 1602 1205 1637 in
1243 1600 1487 1637 contrarium
1526 1598 1738 1635 vertitur?’
1779 1598 1857 1633 Vix

167 1665 294 1700 credo.
377 1665 400 1701 2
433 1665 528 1701 Vide
558 1665 681 1701 schol.
711 1665 812 1701 Don.
841 1666 889 1701 ad
919 1666 1018 1701 Aen.
1049 1665 1113 1701 l.l.

222 1726 244 1762 3
274 1726 395 1771 Eugr.
425 1737 462 1771 p.
495 1726 554 1764 13.
638 1726 663 1762 4
692 1736 715 1761 α
744 1728 902 1763 notavit
930 1727 1095 1763 Wessn.
1125 1725 1178 1762 Cf.
1209 1726 1286 1761 Mn.
1316 1724 1377 1760 32.
1408 1723 1495 1760 289.

95 1788 139 1823 71
222 1787 350 1824 ‘laude
379 1788 598 1834 impertita'
628 1788 674 1824 cf.
706 1788 808 1825 Eun.
841 1788 954 1825 1048.
987 1791 1020 1825 1.

95 1848 142 1885 72
225 1850 244 1885 1
275 1848 322 1885 cf.
354 1849 415 1885 58.
448 1851 466 1886 1
551 1849 575 1885 2
604 1850 704 1886 Eun.
736 1849 825 1886 473.
855 1850 891 1886 2.
975 1850 998 1886 3
1028 1849 1074 1885 cf.
1108 1848 1194 1885 118.
1275 1848 1310 1883 4.
1340 1847 1461 1892 Eugr.
1498 1857 1534 1891 p.
1573 1846 1633 1882 12.

94 1910 141 1946 73
223 1912 242 1947 1
286 1920 311 1946 α
347 1910 584 1947 Observatio
622 1921 792 1956 prorsus
831 1920 1154 1956 supervacanea3
1191 1919 1241 1946 ex
1278 1909 1377 1953 ipsis
1407 1910 1539 1944 verbis
1569 1906 1706 1943 Sosiae
1737 1907 1777 1942 et
1806 1906 1859 1942 Si-

170 1971 302 2007 monis
337 1972 430 2008 inde
468 1983 502 2008 a.
542 1983 579 2008 v.
619 1972 693 2018 51„
717 1973 856 2009 lectori
881 1972 982 2009 satis
1012 1973 1111 2008 nota
1141 1972 1238 2007 sunt
1266 1980 1368 2014 quae
1397 1969 1615 2006 scholiasta
1641 1968 1862 2004 adnotavit.

170 2033 292 2078 Eugr.
318 2044 355 2078 p.
388 2034 434 2071 13
464 2033 632 2070 melius:
665 2033 822 2070 ‘cautus
854 2044 1012 2080 servus,
1041 2044 1134 2070 cum
1165 2033 1462 2069 adulescentem
1494 2032 1700 2067 dominum
1730 2027 1863 2065 sciret'

171 2096 263 2131 cett.
344 2095 367 2131 3
411 2095 535 2132 Menti
577 2096 698 2132 huius
740 2096 984 2133 scholiastae
1029 2095 1333 2139 obversabatur,
1373 2094 1502 2137 credo,
1543 2092 1675 2135 aliqua
1713 2090 1860 2135 signifi-

172 2157 274 2193 catio
317 2158 428 2193 verbi
467 2158 708 2202 ‘apportare'
752 2168 852 2202 quae
891 2159 954 2194 est
990 2157 1231 2193 nuntiare
1268 2155 1316 2194 cf.
1353 2165 1390 2191 V.
1431 2154 1519 2191 858.
1554 2153 1609 2190 Of.
1653 2154 1860 2198 praeterea

173 2217 272 2255 Don.
295 2218 383 2255 338.
415 2219 451 2254 4.

97 2279 145 2317 74
223 2281 246 2317 3
284 2280 329 2317 cf.
359 2281 419 2316 Ad
450 2280 525 2317 662
555 2282 595 2317 et
624 2280 686 2317 45.
717 2281 753 2317 3.
784 2281 886 2317 ‘sine
916 2290 1041 2317 sensu
1072 2280 1232 2316 laboris’
1258 2279 1282 2317 i.
1314 2289 1347 2315 e.
1378 2278 1525 2314 zonder
1554 2277 1601 2312 de
1629 2274 1860 2312 beteekenis

172 2352 250 2378 van
278 2351 484 2392 zwoegen.
513 2342 746 2379 Differentia
773 2343 963 2379 convenit
991 2352 1083 2378 cum
1113 2341 1312 2386 exemplis
1342 2350 1362 2376 e
1391 2340 1565 2376 Senecae
1595 2338 1772 2373 contrOV.
1801 2335 1861 2373 13.

172 2403 207 2440 3.
249 2403 297 2441 10
333 2405 449 2447 ‘quod
488 2405 603 2448 pater
640 2404 696 2439 iili
735 2406 820 2440 tam
854 2405 951 2440 dure
979 2403 1259 2448 responderit’‚
1290 2403 1330 2438 et
1360 2402 1452 2437 Sen.
1482 2401 1528 2435 de
1558 2400 1709 2444 provid.
1740 2398 1775 2432 4.
1812 2397 1858 2433 12

174 2464 220 2500 ‘si
248 2466 345 2500 dure
378 2475 602 2509 generosos
635 2466 803 2510 spiritus
833 2466 933 2502 deus
962 2465 1163 2509 temptat'.
1189 2464 1287 2501 Gell.
1312 2463 1375 2499 20.
1404 2464 1436 2499 1.
1466 2461 1524 2498 17.
1608 2460 1631 2496 2
1656 2460 1857 2503 ineptum:

172 2527 218 2563 de
245 2527 331 2563 sola
359 2528 523 2562 tantum
554 2528 706 2564 Andria
733 2527 944 2571 hucusque
975 2536 1109 2563 sermo
1137 2526 1225 2562 fuit.
1308 2525 1333 2560 4
1362 2526 1439 2560 Mn.
1469 2523 1530 2559 32.
1560 2522 1646 2558 309.

99 2587 146 2624 75
225 2588 248 2625 3
277 2599 302 2625 a
330 2589 490 2624 notavit
521 2589 682 2626 Wessn.
712 2590 790 2626 Mn.
820 2589 912 2626 ibid.

102 2649 149 2685 76
229 2650 281 2686 Of.
313 2650 403 2687 718.
436 2652 471 2688 1.
501 2651 603 2687 Eun.
637 2651 724 2688 148.

102 2710 146 2746 77
231 2712 250 2748 1
281 2711 334 2747 Of.
363 2711 482 2755 Eugr.
514 2721 552 2755 p.
584 2711 643 2748 13.
726 2713 750 2749 2
780 2712 868 2748 vide
897 2721 1022 2756 supra
1050 2711 1098 2747 ad
1126 2721 1162 2746 v.
1195 2710 1256 2746 42.

103 2770 149 2807 78
230 2782 254 2807 a
281 2773 358 2808 Mn.
388 2772 450 2808 32.
484 2772 574 2810 309.
604 2773 657 2809 Cf.
688 2773 822 2810 Gloss.
852 2783 892 2809 1v
924 2773 984 2809 83.

103 2832 149 2868 79
232 2835 251 2870 1
282 2834 494 2878 sumptum
523 2844 544 2870 e
574 2834 672 2871 Don.
705 2836 766 2871 79.
800 2836 835 2871 2.

104 2893 148 2930 77
228 2894 250 2930 3
279 2895 590 2931 exclamatio
619 2896 777 2942 Donati,
804 2898 850 2932 ut
878 2897 925 2932 ad
957 2906 993 2931 v.
1020 2895 1082 2940 92,
1112 2894 1198 2940 146,
1223 2892 1310 2929 239.
1337 2892 1424 2928 902.
1452 2891 1553 2926 Eun.
1579 2887 1667 2924 585.
1694 2887 1768 2923 566
1785 2887 1859 2922 etc.

101 2955 147 2990 81
229 2955 251 2991 3
280 2956 485 2992 Editores:
518 2959 629 2993 esset
659 2970 711 2991 z
739 2959 887 2994 ederet.

232 3019 250 3054 1
287 3027 311 3051 a
339 3017 501 3053 notavit
529 3018 691 3054 Wessn.
719 3019 798 3055 Mn.
827 3018 889 3055 32.
919 3017 995 3054 309
1025 3027 1084 3061 sq.
1114 3016 1314 3052 Hartman
1344 3024 1381 3058 p.
1415 3012 1499 3049 129.

101 3076 167 3112 83·
229 3078 385 3115 Donato
413 3078 502 3116 dedi
529 3078 566 3125 2,
595 3080 778 3123 quocirca
809 3081 829 3117 1
858 3079 894 3116 ei
917 3078 1076 3115 concedi
1105 3087 1186 3113 non
1216 3077 1367 3121 potest.
1401 3073 1564 3111 Servius
1594 3073 1641 3108 ad
1670 3072 1769 3107 Aen.
1795 3069 1861 3114 1.1,
