2242 3443
322 202 547 231 ADRLPHOE
1169 189 1225 229 82

316 779 393 815 670

315 1104 388 1140 671

310 1802 387 1838 672

307 2182 384 2218 678

310 3000 386 3035 875

467 317 706 356 abundanti
750 317 914 364 addita,
959 318 1007 355 ut
1033 315 1174 364 (Vorg.
1194 316 1300 354 Aen.
1321 316 1360 353 4.
1381 311 1454 356 83)
1487 314 1625 353 ‘illum
1661 313 1821 353 absens
1853 314 2083 354 absentem

466 394 672 441 auditquo
717 393 932 440 videtque·
977 393 1020 430 et
1059 387 1187 439 (Aen.
1212 391 1398 435 10.ss00)
1432 390 1627 429 ‘fratrem
1660 400 1702 428 n.
1735 391 1776 429 d.
1809 389 1852 430 f.’
1885 390 1950 430 sic
1980 389 2084 430 Cae-

465 470 590 509 cilius
619 471 659 508 in
689 467 1056 508 Exhautuhestoti
1084 463 1248 506 (Ribb.·'‘
1266 478 1304 516 p.
1324 467 1395 507 48)
1413 466 1619 514 ¹<est>
1637 466 1745 505 haec
1763 467 1941 506 caterva
1957 465 2084 516 plane

464 546 740 594 gladiatoria,
786 555 885 584 cum
929 554 1057 582 suum
1101 543 1182 582 sibi
1225 543 1339 582 alius
1370 543 1518 582 socius
1549 542 1719 582 socium
1752 543 2083 592 <sauciat>’;

467 623 491 661 2
535 625 578 662 et
614 625 735 662 totus
777 623 846 661 hic
889 621 1011 661 locus
1047 623 1116 660 est
1148 620 1397 659 translatus
1430 630 1454 658 a
1486 619 1677 668 Vergilio
1710 619 1754 658 in
1787 621 1943 668 quarto
1975 619 2082 659 Aen.

462 698 579 745 (408)
615 699 725 747 ‘quis
759 699 836 737 tibi
871 710 930 746 n.,
968 697 1036 745 D.,
1071 707 1105 736 c.
1141 699 1170 736 t.
1205 697 1256 735 s.‘
1292 698 1372 736 etc.

523 776 546 813 2
579 786 676 820 Quis
710 785 946 814 DESPONDtT
974 774 1161 812 latenter
1187 773 1389 822 obiurgat
1416 772 1686 811 Aeschinum
1716 782 1809 811 rem
1838 772 1932 811 sine
1960 772 2084 821 patre

464 854 674 900 gessisse;
710 855 752 892 et
785 852 943 891 dicitur
975 850 1113 899 figura
1145 848 1438 901 ἐπιτροχασμός.
1472 850 1497 888 4
1527 859 1625 895 Qurs
1652 859 1781 888 nnm'r
1808 849 1910 897 quia
1940 848 2086 898 rapuit

464 931 566 967 ante
599 939 730 978 quam
765 930 946 977 peteret.

640 1012 657 1047 1
685 1022 799 1048 isruc
825 1012 937 1047 deest
962 1011 1100 1046 ‘dicis'.
1127 1010 1149 1046 3
1176 1020 1266 1053 oms
1291 1020 1515 1047 DESPONDIT
1541 1010 1635 1054 quia
1654 1019 1735 1046 non
1759 1009 1942 1046 interfuit
1957 1010 2084 1054 pater.

523 1100 546 1137 2
591 1100 639 1138 Et
683 1101 860 1150 ‘nupsit‘
905 1099 1092 1139 moleste
1135 1099 1352 1149 additum,
1397 1101 1523 1148 quasi
1566 1099 1712 1139 aliena
1753 1099 1813 1138 sit
1853 1107 1964 1146 quae
1996 1108 2082 1137 non

462 1176 632 1225 legibus
673 1177 804 1216 ducta
847 1177 918 1215 sit.
963 1178 986 1215 3
1031 1187 1205 1216 AUCTOR
1245 1187 1319 1215 ms
1361 1187 1501 1216 REBUS
1534 1186 1633 1222 oms
1664 1187 1741 1215 Esr
1773 1175 1922 1215 dativo
1955 1184 2080 1223 casu,

463 1263 547 1292 non
592 1253 764 1292 ‘harum
798 1254 974 1302 rerum’,
1007 1255 1050 1293 et
1083 1253 1320 1292 Sallustius
1351 1254 1458 1302 (Iug.
1480 1254 1579 1299 7.4)
1615 1252 1701 1300 ‘qui
1733 1254 1838 1292 tunc
1868 1251 2082 1291 Romanis

463 1330 700 1378 imperator
733 1330 854 1369 erat’.
889 1331 913 1368 4
947 1340 1122 1369 AUCTOR
1148 1328 1330 1381 ἀρχηγός.
1358 1331 1382 1370 5
1410 1339 1584 1369 AUCTOR
1610 1339 1684 1368 ms
1711 1338 1850 1368 REBUS
1877 1337 1976 1374 Qms
2002 1338 2081 1367 Esr

461 1406 619 1446 iterum
654 1407 875 1455 obiurgat,
909 1407 1010 1454 quia
1043 1417 1130 1446 non
1163 1406 1365 1446 interfuit
1396 1409 1540 1456 pater;
1575 1408 1600 1446 6
1635 1408 1679 1446 et
1709 1406 1802 1454 agit
1832 1405 1897 1444 sic
1928 1404 2083 1444 dolens

459 1482 592 1522 veluti
634 1484 784 1522 minus
825 1483 909 1522 sibi
951 1484 1115 1523 amoris
1156 1483 1402 1532 praebitum
1436 1483 1570 1522 fuerit
1601 1483 1741 1531 Micio,
1775 1484 1825 1521 ut
1854 1481 1926 1521 his
1956 1491 2005 1521 se
2035 1482 2081 1521 in

457 1561 673 1605 quantum
707 1569 831 1598 amor
863 1559 1030 1608 patitur
1063 1559 1266 1598 videatur
1298 1559 1473 1609 ulcisci,
1501 1560 1603 1607 quia
1629 1559 1856 1608 negotium
1883 1568 1969 1598 non
1995 1557 2081 1597 sibi

459 1634 720 1674 confiteatur
752 1636 1014 1675 Aeschinus.

637 1719 654 1754 1
687 1728 849 1761 QUANDO
878 1728 1024 1755 NUPSIT
1053 1719 1147 1763 quia
1170 1719 1337 1764 nuptiae
1365 1728 1446 1755 non
1475 1718 1605 1755 factae
1634 1720 1745 1756 sunt.

523 1799 541 1836 1
588 1808 648 1836 AN
691 1809 855 1837 sanans
895 1809 1107 1838 opon'rm‘r
1149 1798 1328 1838 ‘sedere'
1372 1799 1544 1848 proprie
1586 1800 1775 1848 ignavae
1817 1799 2080 1840 cessationis

458 1877 542 1923 est,
583 1876 632 1913 ut
675 1874 893 1923 Vergilius
936 1876 1058 1919 (Aen.
1083 1876 1238 1916 1215)
1284 1874 1482 1914 ‘sedeant
1523 1878 1810 1925 spectentque
1845 1876 2004 1917 Latini’
2036 1878 2082 1915 et

455 1950 521 1989 (cf.
542 1949 626 1989 Cic.
647 1950 766 1989 Verr.
787 1951 825 1991 2.
849 1951 928 1989 191
938 1958 949 1997 )
974 1951 1090 1999 ’quid
1119 1952 1259 2000 sedeS‚
1289 1948 1478 1991 Verres?
1505 1952 1607 2000 quid
1635 1935 1910 2001 exspectas?
1941 1953 1966 1991 2
1996 1962 2081 1992 cUR

456 2036 590 2065 DUXIT
623 2036 823 2065 ΑΜΕΝΑΜ
857 2028 1007 2066 utrum
1042 2026 1209 2066 ‘filiam’
1243 2038 1318 2067 an:
1353 2038 1462 2076 quae
1490 2028 1630 2077 possit
1658 2028 1803 2068 aliena
1825 2029 1950 2068 esse?
1974 2038 2078 2068 nam

455 2112 609 2141 omnes
642 2102 864 2142 alienas
896 2101 1011 2142 filias
1043 2103 1223 2144 ducunt.

517 2180 536 2217 1
581 2165 927 2218 ΤΑΜσΒΑΝῡΕΜ
969 2179 1212 2228 ‘grandem'
1254 2181 1307 2220 ad
1350 2183 1546 2220 aetatem
1590 2182 1763 2221 veteres
1794 2180 2076 2231 rettulerunt,

456 2264 540 2293 non
574 2255 627 2293 ad
662 2265 832 2305 corpus,
868 2259 911 2295 et
943 2257 988 2295 in
1019 2259 1142 2305 parte
1170 2257 1334 2297 aetatis
1357 2258 1518 2297 dicitur
1547 2258 1769 2308 ‘grandis’,
1796 2268 1885 2298 non
1911 2258 1956 2297 in
1982 2259 2080 2298 tota

458 2330 566 2379 vita,
601 2331 685 2370 nisi
717 2332 755 2370 si
788 2332 963 2371 additur
995 2332 1146 2383 ‘natu’,
1176 2335 1225 2372 ut
1250 2334 1385 2376 (Verr.
1409 2336 1445 2374 1.
1466 2334 1536 2374 76)
1565 2334 1761 2383 ‘grandis
1785 2336 1893 2374 natu
1919 2343 2078 2384 parens

457 2407 671 2446 adductus
718 2408 772 2446 ad
819 2408 1116 2457 supplicium’.
1160 2414 1213 2453 (a)
1257 2411 1282 2449 2
1324 2411 1378 2450 Et
1421 2412 1534 2451 unde
1576 2412 1660 2451 scit
1701 2411 1979 2451 Aeschinus?
2021 2419 2076 2449 an

459 2481 696 2531 ‘grandem'
739 2483 801 2522 sic
838 2482 966 2533 fingit
1006 2485 1233 2534 ignotam?
1275 2497 1329 2526 an
1362 2488 1465 2536 quia
1497 2487 1611 2527 dixit
1641 2489 1768 2537 pater
1799 2487 1915 2528 (657)
1947 2486 2076 2526 ‘com-

456 2560 608 2598 menta
640 2561 782 2598 mater
813 2562 881 2598 est
913 2570 1011 2600 esse
1045 2571 1100 2600 ex
1133 2562 1219 2602 alio
1253 2563 1347 2602 viro
1378 2564 1527 2603 nescio
1553 2573 1638 2612 quo
1665 2573 1848 2613 puerum
1877 2558 2076 2603 natum'?

456 2645 559 2684 ergo
592 2639 636 2673 et
667 2634 743 2674 illa
774 2636 952 2684 grandis
985 2639 1028 2676 et
1059 2648 1185 2680 serus
1218 2639 1432 2690 Milesius,
1468 2640 1541 2688 qui
1567 2642 1674 2680 tunc
1701 2640 1918 2689 virginem
1944 2639 2073 2689 petit,

457 2721 556 2749 cum
599 2711 687 2750 iam
731 2712 858 2751 alteri
901 2713 1003 2752 data
1044 2715 1103 2753 sit
1137 2715 1202 2754 vel
1235 2719 1364 2765 rapta
1395 2717 1456 2755 sit
1487 2717 1627 2756 alteri.
1662 2717 1688 2756 3
1721 2727 1816 2756 DUM
1848 2697 2074 2756 coenamus

458 2797 563 2826 nmo
596 2798 738 2826 ILLINC
773 2799 958 2828 vnmasr
991 2791 1325 2838 proverbialiter
1357 2792 1474 2832 ‘hinc
1506 2792 1656 2833 illinc’.

634 2862 650 2896 1
691 2872 715 2896 α,
743 2865 782 2898 et
811 2864 990 2907 ‘grandis
1018 2864 1162 2900 infans'
1187 2867 1227 2901 et
1257 2866 1436 2911 ‘grandis
1463 2866 1576 2912 puer'
1605 2869 1647 2903 et
1676 2867 1852 2912 ‘grandis
1879 2865 2072 2912 ephebus’

577 2917 617 2951 et
647 2915 821 2959 ‘grandis
850 2917 976 2962 virgo'
1006 2920 1113 2954 recte
1142 2918 1295 2956 dicitur.

514 3006 563 3034 ET
596 3006 640 3034 ιο
673 3006 927 3037 DEFENDERE
965 3008 1051 3037 non
1079 3000 1221 3048 potuit
1247 3002 1391 3049 magis
1417 3001 1632 3041 amatorie
1656 3011 1735 3041 nec
1760 3000 1905 3050 magis
1930 3000 2069 3050 pueri-

459 3071 559 3111 liter
598 3071 738 3122 loqui,
781 3084 912 3122 quam
956 3077 1024 3125 ut,
1068 3086 1154 3115 non
1191 3079 1424 3117 contentus
1456 3078 1568 3127 quod
1602 3078 1664 3117 ait
1698 3077 1819 3117 ‘haec
1851 3077 1995 3116 dicere
2025 3078 2070 3116 te
