2242 3443
338 301 414 336 896

334 1034 407 1070 897

334 1262 410 1298 898

335 1566 411 1603 899

335 1844 409 1879 901

336 2147 413 2183 900

336 2225 411 2262 902

337 2377 413 2414 903

338 2664 415 2702 904

1175 175 1256 214 104

548 299 564 335 1
602 308 683 336 neo
717 309 775 337 ΜΕ
808 309 963 338 ΑΜΑΒΕ
997 310 1041 338 H.
1076 310 1112 338 F.
1146 297 1368 350 ἀμφιβολία
1392 304 1461 349 τῆς
1490 296 1702 348 ἐρωμένης.
1732 299 1756 336 2
1783 309 1903 338 HANG
1930 309 2099 339 ΕΑΤΕΟΒ

486 372 593 411 bene
635 373 775 413 ‘hanc'
819 375 940 423 dicit,
975 385 1060 414 non
1096 375 1390 425 ‘Glycerium',
1425 375 1549 414 cuius
1581 375 1625 412 in
1658 375 1834 414 nomine
1865 375 2101 414 offenditur

484 459 637 499 senex,
668 460 747 489 nec
777 450 1095 501 ‘peregrinam’,
1124 453 1413 501 ignominiam
1443 452 1613 490 scilicet
1638 451 1800 489 vitans.
1831 450 1855 489 3
1883 460 1923 489 s1
1944 461 1990 490 ῃ)
2007 461 2099 491 Puc-

486 537 596 565 CARE
624 537 698 566 nsi·
725 538 894 566 FATEOR
921 529 1028 576 noli,
1058 529 1217 577 inquit,
1247 539 1317 567 me
1341 529 1562 576 incusare,
1582 526 1788 575 quoniam
1807 536 1931 576 am03
1950 536 2098 566 aman-

483 604 574 641 tem
607 603 725 642 enim
757 614 886 643 nemo
914 605 1106 654 incusat,
1135 606 1182 643 ut
1208 604 1535 643 febricitantem
1564 613 1693 642 nemo
1721 603 1867 651 potest
1883 602 2098 652 incusare,

482 688 558 717 cur
588 679 829 727 febricitet;
864 680 940 719 sed
967 690 1136 729 amare,
1167 681 1326 729 inquit,
1357 681 1393 718 si
1420 681 1549 729 putas
1575 689 1673 718 esse
1691 680 1941 728 peccatum,
1960 678 2101 718 fat-eor

482 755 616 794 etiam
659 765 730 794 me
773 756 853 795 hoc
894 766 1120 805 peccasse:
1160 756 1271 795 mire
1302 757 1437 804 igitur
1469 757 1511 794 et
1542 754 1823 794 subdefendit
1853 754 2024 803 culpam
2059 756 2103 794 et

483 840 694 870 assensus
726 832 835 870 irato
868 834 949 871 est.

654 908 676 941 4
714 916 869 942 FATEOR
905 917 947 942 ID
988 916 1146 948 QUOQUE
1176 907 1254 943 ‘me
1283 906 1460 952 peccare'
1491 905 1654 942 scilicet.
1685 906 1708 939 5
1740 904 1762 926 *
1792 915 1828 941 st
1855 915 1897 942 11>
1924 915 2101 943 ΡΕοσΑΕΕ

599 969 669 995 nsi·
699 960 908 1005 ‘peccare'z
940 961 1032 1004 quia
1062 970 1173 998 amor
1202 962 1302 997 deus
1332 962 1414 1006 est,
1444 970 1525 997 non
1554 959 1759 996 voluntas.

543 1032 562 1069 1
593 1042 682 1069 TIBI
709 1042 851 1071 PATER
877 1043 936 1070 ΜΕ
964 1043 1076 1071 nnnc
1106 1031 1242 1071 ‘dedo’
1271 1033 1397 1081 quasi
1419 1031 1599 1071 hostilia
1617 1033 1661 1070 et
1677 1027 1899 1072 contraria
1915 1031 2100 1081 volenti,

482 1116 584 1145 nam
611 1107 827 1146 deditio
855 1109 898 1146 in
929 1108 1054 1147 hoste
1081 1107 1173 1147 fieri
1205 1108 1330 1147 solet.
1360 1109 1384 1146 2
1414 1118 1516 1153 Quin
1540 1118 1608 1147 v1s
1626 1117 1780 1146 orimus
1798 1117 1962 1148 ῙΜΡοΝΕ
1976 1118 2100 1147 IMPE-

480 1192 539 1221 BA
566 1186 802 1222 exsecutus
830 1186 898 1222 est
915 1184 1249 1223 translationem
1267 1185 1412 1224 oneris
1431 1184 1611 1223 dicendo
1632 1184 1838 1232 ‘impone’
1856 1185 1901 1223 et
1918 1183 2100 1223 ‘feram’.

544 1261 562 1298 1
609 1270 678 1298 v1s
721 1270 780 1299 ΜΕ
822 1271 1004 1299 UXOREM
1047 1271 1086 1300 D.
1131 1272 1176 1299 H.
1210 1271 1251 1300 v,
1284 1272 1327 1300 A.
1361 1261 1473 1309 quod
1507 1270 1645 1299 unum
1678 1261 1746 1298 est
1778 1259 1863 1299 duo
1894 1259 2017 1310 fecit,
2051 1261 2102 1299 ut

482 1336 688 1374 ostendat
716 1346 763 1375 se
791 1346 874 1375 non
904 1347 1034 1386 posse
1051 1336 1247 1376 sufferre.
1267 1337 1291 1375 2
1310 1347 1366 1375 UT
1383 1346 1545 1375 POTERO
1563 1346 1711 1375 FERAM
1729 1335 1987 1384 obsequium
2005 1335 2101 1376 sine

484 1411 715 1451 voluntate
756 1413 974 1460 ostendit3
1009 1415 1054 1452 et
1087 1413 1278 1452 multum
1312 1413 1429 1452 valet
1462 1412 1542 1451 sub
1575 1411 1823 1452 Chremetis
1853 1412 2104 1462 praesentia

483 1486 590 1526 haec
623 1488 838 1527 confessio
871 1489 924 1527 ad
956 1489 1223 1528 recusandas
1255 1489 1444 1538 nuptias.

543 1566 561 1601 1
597 1574 652 1602 UT
686 1574 742 1603 ΝΕ
775 1575 940 1603 CREDAS
974 1575 1049 1613 pro
1082 1566 1131 1603 ut
1162 1575 1261 1604 non.
1293 1566 1316 1603 2
1341 1576 1611 1605 ALLEGATUM
1638 1565 1899 1605 adhibitum.
1928 1566 1953 1603 3
1980 1575 2101 1605 mmo

484 1649 625 1678 SENEM
659 1639 879 1680 Critonem
913 1641 1095 1680 scilicet.

655 1715 677 1748 4
717 1710 739 1733 ²¹²
778 1714 824 1750 Et
860 1724 939 1750 non
982 1713 1211 1751 ‘Critonem’
1241 1716 1311 1751 sed
1346 1715 1512 1752 ‘senem’
1543 1715 1648 1761 dicit,
1678 1717 1724 1752 ut
1753 1716 1800 1752 de
1827 1715 1902 1754 hac
1929 1714 2100 1760 appella-

601 1768 711 1804 tione
740 1769 897 1813 pondus
926 1768 1099 1805 adiceret
1128 1769 1377 1806 testimonio.

545 1841 561 1877 1
608 1849 791 1884 AEQUUM
833 1850 1054 1879 POSTULAT
1091 1851 1149 1879 DA
1181 1851 1352 1880 vnn-[AM
1385 1840 1622 1880 artificiose
1654 1841 1896 1890 interponit
1925 1841 2100 1889 loquen—

484 1917 574 1954 tem
617 1915 868 1965 Chremem,
912 1927 1045 1964 quem
1088 1917 1241 1956 volens
1274 1927 1410 1965 usque
1443 1918 1496 1956 ad
1530 1918 1827 1966 cognitionem
1857 1917 1973 1958 filiae
2003 1917 2102 1958 reti-

484 2001 587 2030 nere
629 2001 715 2030 non
756 1992 861 2031 facit
902 1993 1033 2032 irasci
1073 1992 1304 2042 Pamphilo
1347 1994 1399 2032 ob
1433 1995 1738 2042 contemptum
1770 1993 1888 2033 filiae
1920 2003 2027 2033 suae
2058 1994 2103 2033 et

483 2069 657 2116 propter
689 2068 769 2107 hoc
801 2068 918 2107 abire
951 2069 1002 2107 de
1037 2069 1192 2108 medio.
1229 2070 1252 2107 2
1288 2080 1346 2107 DA
1380 2080 1551 2109 VENIAM
1585 2070 1771 2109 concede
1804 2072 1847 2109 et
1877 2069 2069 2118 indulge.

540 2154 637 2182 snm
669 2155 810 2183 PATER
842 2146 903 2182 ‘ut
936 2155 1006 2184 me
1039 2147 1251 2194 purgem',
1285 2155 1373 2184 non
1409 2142 1667 2185 ‘adducam’.

540 2231 598 2258 AB
631 2230 715 2259 Hoc
749 2231 807 2258 ΜΕ
839 2231 969 2259 FALLI
1002 2230 1251 2259 COMPERIAR
1283 2231 1305 2260 o
1339 2222 1521 2270 paterna
1553 2222 1717 2270 pietas!
1750 2223 1844 2272 ipse
1870 2223 2102 2262 accusator

485 2300 552 2335 est
586 2298 629 2334 et
660 2295 862 2344 redargui
895 2305 942 2334 se
976 2296 1110 2344 cupit.
1596 2351 1600 2353 ἡ

542 2382 782 2411 PAULULUM
815 2383 850 2411 s.
883 2382 916 2411 s.
950 2384 988 2411 Ε.
1022 2383 1059 2411 Ρ.
1094 2372 1441 2421 supplicium
1475 2373 1582 2412 dicit
1598 2373 1741 2423 ipsam
1759 2374 2099 2414 accusationem.

1224 2525 1264 2563 4.

549 2660 568 2698 l
603 2670 734 2697 ΜῙΤΤΕ
767 2669 909 2697 ORARE
942 2670 1034 2698 UNA
1067 2669 1227 2698 HARUM
1260 2669 1448 2704 QUAEvis
1474 2671 1510 2699 c.
1539 2660 1610 2698 hic
1636 2661 1680 2699 in
1705 2671 1913 2701 scaenam
1931 2671 2103 2711 progre-

485 2735 601 2774 ditur
633 2733 769 2784 Crito,
803 2735 847 2772 in
880 2736 1004 2774 cuius
1038 2735 1184 2774 verbis
1216 2745 1301 2775 non
1334 2736 1463 2774 modo
1495 2736 1608 2783 quod
1640 2736 1732 2786 ipse
1759 2738 1999 2788 promittit,
2027 2736 2103 2776 sed

485 2811 619 2850 etiam
661 2810 764 2858 quid
795 2810 833 2850 ei
866 2810 1119 2860 Pamphilus
1150 2811 1328 2860 dixerit,
1363 2811 1704 2852 demonstratur.
1737 2813 1792 2852 Et
1822 2814 1892 2853 hic
1923 2813 2100 2853 omnino

485 2897 604 2926 error
635 2886 780 2925 omnis
811 2886 1032 2935 aperietur
1062 2886 1250 2926 fabulae.
1286 2888 1309 2925 2
1343 2897 1472 2926 ΜΙΤΤΕ
1506 2898 1622 2927 cmm.
1657 2888 1888 2938 Pamphilo
1919 2888 2040 2930 dicit.
2072 2889 2098 2928 3

483 2963 537 3001 Et
575 2962 758 3001 dicendo
802 2960 903 3000 ‘una
944 2963 1116 3001 harum’
1160 2962 1353 3002 ostendit
1392 2962 1558 3002 multas
1591 2973 1688 3003 esse
1722 2974 1897 3014 causae,
1932 2965 1976 3004 et
2007 2963 2098 3004 iam

485 3047 611 3087 pares
643 3047 740 3076 esse
772 3037 1077 3085 magnitudine
1109 3038 1290 3077 dicendo
1323 3037 1548 3086 ‘quaevis’.
