2242 3443
135 291 185 326 39

133 592 185 629 40

133 1245 181 1282 41

134 1776 184 1813 42

135 1928 185 1965 43

975 158 1053 196 221

320 288 332 322 1
382 295 476 324 ΝΛΜ
509 295 667 323 ERILEM
701 293 851 322 mnium
884 282 1078 331 τρόφιμον
1112 283 1385 331 <Graeci>
1417 285 1578 333 dicunt,
1614 288 1743 333 atque
1780 288 1890 325 haud

253 361 341 399 scio
375 371 428 399 an
463 361 604 399 Latini
638 370 806 407 quoque
842 360 1100 397 ‘alumnum'
1134 361 1275 398 dicere
1310 361 1542 407 potuerint,
1573 362 1654 398 nisi
1684 362 1760 400 hoc
1792 363 1892 400 mal-

252 436 343 474 lent
367 432 404 480 ¹).
449 438 471 474 2
515 446 609 474 NAM
652 445 811 474 ERILEM
845 445 996 473 FlLIUM
1028 445 1124 473 EIUS
1157 446 1339 473 nuxis-sn
1373 446 1508 473 Aunio
1544 437 1650 474 mire
1684 447 1730 475 se
1763 438 1892 487 appli-

252 513 321 550 cat
353 514 628 559 argumento.

316 588 333 624 1
369 597 411 625 EI
444 597 578 625 CREDo
612 596 762 625 MUNUS
795 596 878 624 Hoc
911 596 1187 624 CORRADITUR
1220 586 1352 625 mire:
1389 586 1481 625 heri
1514 587 1689 634 quidem
1720 589 1896 628 fuerunt

251 664 441 711 nuptiae,
477 664 552 702 sed
587 673 747 702 munus
779 663 919 701 adhuc
953 662 1205 710 corraditur,
1240 662 1341 709 quia
1373 663 1415 700 in
1449 664 1616 711 nuptiis
1644 665 1775 703 etiam
1804 676 1896 714 sep-

251 739 387 777 timus
430 739 522 777 dies
563 738 928 777 instaurationem
975 738 1063 776 voti
1097 737 1241 785 habet,
1274 739 1322 775 ut
1354 738 1396 775 in
1429 737 1580 777 funere
1614 749 1756 778 nonus
1788 741 1892 788 dieS,

250 824 334 861 quo
377 814 591 852 denicalia
633 813 960 852 concluduntur.
1005 813 1029 851 2
1064 824 1104 851 EI
1138 823 1272 852 canno
1307 813 1432 851 uxori
1467 813 1648 853 scilicet.
1684 817 1708 853 3
1742 826 1892 854 MUNUS

251 900 336 928 Hoc
382 900 474 928 con.
526 890 632 928 ‘hoc'
681 890 889 938 pecuniae
937 889 1106 928 scilicet
1155 889 1331 927 ‘munus
1374 890 1411 927 ei
1461 892 1510 928 c.’
1557 894 1600 928 et
1648 893 1715 929 est
1757 890 1895 939 figura

253 964 497 1016 ἐφεξήγησις.
541 967 566 1003 4
606 975 740 1004 CREDO
774 975 848 1013 pro
881 964 998 1004 ‘vere
1031 966 1149 1004 scio'.
1184 967 1208 1004 6
1242 975 1518 1004 GORRADITUR
1551 968 1651 1014 apta
1685 967 1725 1004 in
1762 968 1893 1006 verbo

251 1041 495 1089 difficultas,
526 1043 574 1080 ut
600 1042 642 1079 in
671 1041 880 1089 Adelphis
899 1042 1012 1084 (242)
1032 1040 1192 1079 ‘minas
1209 1041 1358 1079 decem
1378 1041 1576 1080 corradet
1593 1042 1820 1081 alicunde'.
1841 1048 1895 1088 (a)

453 1116 476 1152 5
507 1115 556 1151 Et
585 1125 624 1150 ΕΙ
652 1125 702 1151 an
732 1115 881 1150 uxori
910 1125 961 1150 an
991 1115 1186 1158 absolute,
1225 1116 1270 1150 ut
1299 1115 1364 1150 sit:
1395 1115 1431 1151 ei
1459 1116 1546 1151 rei?
1574 1116 1596 1152 6
1621 1126 1645 1151 α
1670 1120 1710 1152 et
1735 1117 1894 1158 (Heaut.

402 1170 494 1210 140)
523 1169 686 1205 ‘corrasi
715 1169 874 1206 omnla'.

316 1242 335 1279 l
367 1250 488 1286 QUAM
522 1251 671 1286 Imoun
703 1251 1002 1279 COMPARATUM
1030 1250 1104 1278 EST
1133 1240 1245 1279 miro
1272 1239 1485 1293 ἰδιωτισμῷ
1513 1251 1679 1279 morem
1710 1242 1895 1291 prolege

251 1327 347 1356 esse
375 1317 593 1365 queritur:
624 1316 959 1365 ‘comparatum'
988 1317 1104 1355 enim
1139 1316 1536 1355 constitutum.
1573 1317 1597 1355 2
1617 1317 1895 1366 mleg<itur

252 1393 409 1441 ‘h>i’;
453 1394 477 1431 3
521 1395 565 1432 et
596 1392 654 1431 ‘hi
687 1393 760 1441 qui
793 1393 940 1431 minus
974 1392 1135 1431 habent
1167 1391 1458 1430 divitioribus’
1493 1392 1617 1441 dixit,
1651 1403 1703 1432 ne
1735 1394 1898 1433 diceret

253 1468 382 1508 ‘servi
414 1466 642 1517 dominis';
677 1470 771 1508 vult
804 1470 919 1508 enim
954 1469 1087 1508 latius
1119 1472 1269 1518 patere
1302 1469 1413 1518 quod
1447 1470 1551 1508 dicit
1576 1472 1618 1508 et
1645 1471 1894 1518 generalem

253 1555 349 1584 esse
391 1546 673 1584 sententiam.
717 1547 742 1583 4
786 1555 908 1591 QUAM
951 1555 1099 1591 INIQUE
1132 1555 1430 1584 COMPARATUM
1462 1555 1537 1583 EST
1571 1556 1618 1583 HI
1653 1555 1725 1590 QUI
1758 1556 1895 1585 Minus

253 1631 430 1660 HABENT
472 1621 673 1670 garrulos
714 1631 867 1660 servos
908 1623 950 1660 et
991 1622 1290 1660 sententiosos
1322 1623 1443 1660 amat
1476 1621 1711 1670 comoedia,
1744 1623 1895 1661 tristes

253 1699 297 1736 et
327 1707 454 1746 parce
485 1697 715 1745 loquentes
748 1696 984 1745 tragoedia.

317 1774 336 1811 1
381 1783 437 1812 UT
473 1783 643 1813 SEMPER
673 1783 862 1818 ALIQUOD
894 1783 1074 1812 ADDANT
1108 1773 1217 1811 mire
1250 1783 1334 1812 non
1369 1772 1500 1812 ‘dent’
1534 1773 1610 1812 sed
1642 1773 1818 1812 addant’
1853 1776 1895 1812 et

251 1858 336 1887 non
365 1849 625 1897 ‘aliquando’
643 1849 718 1889 sed
738 1848 952 1898 ‘semper'.
973 1850 997 1887 2
1016 1859 1311 1888 mvn-mineus
1329 1859 1404 1897 pro
1424 1849 1585 1888 ‘minus
1604 1850 1893 1898 pauperibus‘.

312 1928 336 1963 3
363 1935 579 1964 mmmm
605 1926 668 1964 sic
696 1927 866 1964 veteres
894 1925 1048 1965 multa.
1076 1927 1100 1963 4
1130 1935 1345 1964 [memma
1371 1935 1470 1964 cum
1497 1927 1680 1974 pecunia
1703 1936 1895 1974 expensa

255 2001 441 2040 ferretur
483 2012 604 2041 more
645 1997 858 2050 veterum,
887 2012 973 2040 non
998 2003 1045 2039 ut
1066 2011 1182 2040 nunc
1204 2001 1579 2049 adnumeraretur‚
1609 2001 1724 2040 assis
1751 2001 1894 2039 libra

253 2079 348 2115 erat
388 2077 567 2125 eiusque
610 2079 757 2126 partes
785 2078 957 2124 unciae;
986 2087 1159 2115 rursum
1183 2077 1336 2116 unciae
1365 2077 1493 2115 unius
1515 2077 1772 2116 duodecima
1794 2087 1896 2125 pars

253 2152 456 2192 libella
516 2153 753 2202 dicebatur,
818 2153 976 2191 merito
1024 2162 1124 2201 ergo
1172 2163 1256 2191 non
1305 2163 1381 2200 per
1427 2152 1625 2200 singulos
1665 2153 1895 2191 sestertios

254 2237 393 2276 neque
440 2239 515 2277 per
555 2228 754 2277 singulos
796 2229 997 2267 denarios
1039 2238 1178 2276 neque
1226 2239 1300 2277 per
1346 2228 1544 2275 singulos
1575 2238 1709 2276 asses,
1745 2228 1818 2265 sed
1852 2228 1892 2266 id

253 2304 366 2352 quod
409 2302 680 2355 ὑπερβολικῶς
724 2304 959 2343 minimum
1001 2304 1098 2353 fuit,
1132 2315 1207 2353 per
1238 2304 1437 2352 singulas
1470 2304 1621 2342 uncias
1654 2303 1894 2341 ‘unciatim’

257 2367 382 2419 dixit.
416 2382 469 2424 (a)
518 2382 543 2419 5
591 2390 804 2419 UNOIATIM
841 2390 917 2418 le
951 2380 1092 2429 potuit
1127 2382 1171 2418 et
1202 2380 1477 2419 unciatim
1505 2381 1549 2418 et
1575 2380 1688 2417 cito
1717 2378 1891 2417 conflari

251 2455 483 2503 peculium,
538 2459 585 2494 ut
634 2455 774 2494 multa
808 2455 1086 2503 pauxillatim
1120 2456 1195 2494 sed
1228 2456 1313 2494 cito
1347 2454 1458 2493 fiunt
1489 2455 1700 2502 maxima,
1735 2454 1891 2492 merito

253 2541 353 2579 ergo
402 2532 602 2571 additum
650 2534 719 2570 est
751 2531 872 2572 ‘vix’.
907 2533 932 2570 6
966 2531 1048 2570 Sed
1080 2531 1182 2579 quid
1216 2531 1253 2569 si
1286 2533 1329 2569 et
1363 2526 1602 2569 ‘unciatim’
1635 2532 1678 2568 et
1713 2529 1815 2567 ‘vix‘
1849 2531 1893 2566 et

251 2608 402 2645 tamen
445 2607 496 2646 de
538 2607 690 2646 lucro?
734 2606 799 2644 ‘de
840 2606 1041 2645 dimenso
1082 2607 1175 2646 suo'
1214 2607 1377 2654 inquit;
1436 2606 1537 2653 quid
1580 2606 1618 2643 Si
1660 2614 1712 2644 ex
1761 2604 1888 2642 abun·

251 2681 403 2721 danti?
453 2682 597 2722 ‘suum
638 2682 874 2721 defrudans
930 2682 1137 2729 genium‘;
1181 2681 1333 2721 deinde
1374 2691 1458 2720 non
1502 2676 1767 2728 ‘adquisivit'
1815 2679 1890 2718 sed

253 2753 514 2807 ‘comparsit’
565 2760 605 2796 et
653 2758 706 2796 ad
740 2759 1011 2806 postremum
1047 2753 1221 2805 ‘miser'‚
1256 2759 1304 2796 ut
1329 2757 1540 2804 iniquitas
1566 2754 1892 2795 consuetudinis

181 2945 203 2987 1)
230 2944 370 2985 verbm
403 2947 527 2989 ‘atque
558 2943 658 2979 haud
684 2943 762 2977 seio
787 2961 829 2967 —-
855 2942 1021 2978 mallent’
1047 2943 1282 2979 Sabbadinio
1309 2944 1346 2977 et
1374 2941 1577 2976 Wessnero
1603 2939 1769 2975 insiticia
1792 2937 1889 2972 vide-

137 2998 283 3038 bantur,
320 2998 402 3034 coll.
437 2998 511 3033 An,
547 2998 625 3037 602,
659 2996 752 3031 Eun.
787 2995 864 3030 289.
900 2995 977 3039 Ego
1014 3009 1036 3031 a
1072 2997 1221 3032 Donato
1258 2996 1350 3031 haec
1380 2994 1595 3030 abiudicare
1631 2992 1771 3026 veritus
1796 3002 1889 3025 sum.

139 3050 192 3085 Cf·
218 3050 334 3086 sabb.
359 3052 458 3087 stud.
484 3051 527 3086 lt.
553 3051 602 3086 ΙΙΙ
626 3050 694 3085 353
718 3062 773 3093 sq.
