2242 3443
277 212 509 241 nonnosus
1109 204 1195 242 280

277 327 376 363 1022

281 388 379 425 1024

277 450 378 486 1025

275 512 376 548 1026

276 574 377 610 1028

275 637 377 672 1036

273 699 379 734 1039

277 759 379 796 1044

278 1006 380 1042 1045

278 1067 380 1103 1048

276 1129 379 1165 1053

278 1252 380 1289 1054

278 1315 380 1351 1055

280 1437 380 1473 1056

280 1500 378 1535 1057

278 1809 379 1844 1058

276 1870 379 1906 1059

277 1993 379 2029 1060

278 2116 379 2153 1063

276 2178 379 2215 1064

276 2239 379 2276 1065

276 2301 378 2338 1066

275 2425 376 2462 1067

275 2487 378 2524 1068

275 2610 378 2646 1070

274 2673 374 2709 1071

274 2733 377 2770 1072

464 327 480 360 1
510 323 555 361 cf.
587 326 674 362 946.
761 326 782 361 3
813 326 1132 362 additamentum
1162 327 1229 362 vix
1258 336 1411 363 verum.

461 388 484 423 2
514 397 563 423 ex
595 388 691 423 Don.
726 388 762 431 1,
795 388 914 432 praef.
946 398 980 432 p.
1013 398 1125 426 xvm.
1209 389 1272 424 3a
1302 389 1481 424 otiosum
1512 388 1627 423 iuxta
1658 388 1675 423 1
1707 389 1748 424 et
1778 388 1801 424 2
1831 388 1874 425 D.

460 450 482 484 2
520 449 565 484 cf.
612 450 720 484 1061.
756 450 784 484 1.
871 450 892 485 5
924 450 969 486 cf.
1000 451 1088 495 967,
1122 450 1234 486 1035.
1269 451 1302 494 1,
1332 450 1573 493 significatio
1604 449 1642 484 h.
1672 449 1696 485 l.
1728 459 1807 486 non
1838 451 2036 496 apposita.

463 512 479 546 1
512 510 558 546 cf.
588 512 636 546 ad
667 512 787 546 Andr.
820 512 879 547 83.
909 512 944 547 3.
1031 512 1129 548 1027
1162 512 1184 548 3
1214 512 1260 548 cs.
1288 513 1335 548 ad
1365 512 1455 556 335,
1485 512 1522 547 h.
1553 512 1575 547 l.
1606 511 1727 547 nimis
1757 511 1947 548 otiosum.

461 573 483 608 2
514 576 553 608 et
583 572 605 608 3
636 572 806 609 inficeta.
892 574 995 610 1030
1025 574 1144 610 nimis
1175 574 1362 610 otiosum.
1451 574 1553 610 1035
1585 574 1602 609 1
1635 574 1683 609 ad
1712 574 1836 610 Andr.
1866 573 1929 610 31.

460 636 483 670 2
510 635 706 671 emblema
735 635 891 671 notavit
919 635 1082 672 Wessn.
1111 636 1233 672 Iunxi
1265 637 1281 671 1
1315 638 1353 672 et
1385 636 1419 672 2.
1505 636 1568 671 5a
1596 635 1774 672 abundat
1802 636 1919 672 iuxta
1947 636 1980 672 5.

464 698 480 732 1
514 707 594 733 non
626 697 800 741 ‘profuit'
831 698 901 733 sed
932 698 1147 742 ‘proderit'.

463 760 480 794 1
522 758 691 803 falsum;
731 759 824 803 quid
863 760 915 795 sit
954 760 1164 805 ‘perpetuo
1204 760 1343 805 perire'
1375 761 1519 796 docent
1547 759 1619 794 Ad.
1650 759 1738 796 283.
1769 758 1898 795 Plaut.
1927 758 2036 795 Pers.

408 820 501 865 280,
540 821 656 856 Most.
688 820 776 863 539,
806 821 872 862 (‘in
903 824 1147 866 perpetuum
1175 822 1380 866 modum'),
1409 831 1512 865 quos
1540 820 1649 857 locos
1678 821 1816 858 citavit
1832 820 2038 866 Fabia;cf.

407 882 504 918 Don.
537 883 649 918 1043.
683 884 714 918 1.
745 882 905 919 Gnatho
934 883 1009 919 hoc
1036 884 1149 920 dicit:
1182 884 1269 920 sine
1296 883 1414 920 dubio
1444 885 1640 928 perpetuo
1668 883 1821 928 peristi.
1851 883 1897 920 ef.
1926 882 2039 920 l.s.l.

410 953 446 988 p.
478 943 528 979 92
558 954 616 988 sq.
647 944 736 985 (Mn.
768 944 828 980 35.
861 954 896 989 p.
928 945 1030 987 240).

463 1005 485 1040 2
513 1015 604 1041 cum
634 1005 707 1041 hac
737 1006 932 1042 divisione
961 1006 1200 1052 philosopha
1227 1007 1273 1043 cf.
1304 1008 1378 1042 An.
1409 1007 1471 1043 30.
1502 1007 1576 1043 5a.

463 1067 485 1102 2
512 1067 829 1103 additamentum
854 1069 902 1104 ad
929 1068 973 1104 D.
993 1069 1010 1104 1
1029 1071 1070 1105 et
1085 1069 1120 1105 2.
1206 1070 1309 1106 1050
1327 1070 1343 1104 1
1363 1069 1408 1105 cf.
1427 1069 1487 1105 63.
1506 1069 1540 1104 2.
1627 1068 1729 1105 1051
1746 1067 1791 1104 cf.
1807 1068 1932 1104 Andr.
1949 1067 2037 1105 939.

462 1128 484 1164 3
525 1128 780 1174 philosophia
818 1140 841 1166 a
881 1139 923 1166 re
963 1129 1092 1167 aliena
1131 1132 1172 1167 et
1200 1140 1270 1176 per
1299 1141 1342 1167 se
1371 1131 1472 1167 satis
1501 1130 1624 1174 mira3
1656 1131 1918 1175 opponuntur
1945 1139 2039 1175 spes

410 1191 450 1226 et
478 1190 628 1226 forma!

465 1253 482 1287 1
502 1262 527 1287 a
555 1253 713 1288 notavit
744 1253 902 1290 Wessn.

462 1313 484 1349 3
527 1314 620 1358 quid
662 1315 710 1350 ad
752 1317 866 1351 rem?
911 1316 1114 1360 ‘precario’
1158 1317 1197 1352 h.
1240 1317 1263 1352 l.
1308 1318 1490 1362 ineptum
1529 1318 1664 1362 esset;
1702 1316 1748 1353 of.
1787 1316 1833 1352 D.
1871 1316 1919 1352 ad
1948 1315 2037 1352 312.

463 1375 486 1411 5
516 1377 618 1411 satis
646 1375 791 1413 futtile.

463 1436 485 1472 3
515 1439 654 1473 contra
682 1437 726 1476 D.
758 1439 791 1474 1.

464 1498 578 1534 iunxi
619 1500 651 1534 1.
691 1499 727 1535 5.
768 1500 801 1536 6.
840 1500 896 1537 De
936 1502 1102 1538 vocibus
1132 1503 1309 1538 ‘donum'
1340 1504 1379 1539 et
1410 1503 1586 1539 ‘munus'
1614 1502 1703 1539 vide
1730 1502 1829 1538 Don.
1860 1502 1908 1538 ad
1937 1503 2036 1538 Aen.

412 1560 446 1596 2.
490 1560 578 1605 269,
622 1560 714 1596 Isid.
761 1562 858 1606 orig.
885 1563 919 1598 6.
955 1563 1013 1599 19.
1045 1563 1107 1608 26,
1138 1562 1205 1599 Gr.
1235 1564 1276 1599 L.
1309 1565 1342 1600 7.
1374 1565 1464 1606 524,
1494 1564 1615 1601 schol.
1647 1564 1796 1600 Lucani
1826 1563 1849 1600 5
1878 1573 1916 1608 p.
1950 1563 2036 1609 111,

409 1631 509 1666 quos
539 1622 731 1667 descripsi
757 1623 782 1658 1.
811 1634 842 1660 s.
872 1624 896 1660 l.
924 1634 962 1669 p.
992 1625 1040 1661 93
1071 1635 1170 1671 sqq.,
1200 1626 1267 1661 ubi
1296 1627 1488 1672 exposui,
1518 1636 1588 1662 cur
1617 1625 1740 1662 schol.
1771 1625 1807 1661 2.
1835 1624 1872 1661 3.
1896 1625 1933 1661 4.
1961 1624 2036 1660 ’7.8

408 1694 431 1719 a
458 1684 615 1720 Donato
641 1685 902 1722 abiudicanda
931 1687 1029 1730 sint,
1058 1687 1208 1724 hausta
1236 1689 1276 1724 et
1299 1688 1435 1733 inepte
1461 1688 1742 1734 conglutinata
1766 1697 1817 1724 ex
1841 1686 1918 1723 illis
1943 1686 2041 1724 locis

408 1748 447 1782 et
480 1756 501 1782 0
529 1746 654 1782 schol.
683 1746 783 1782 Don.
817 1749 834 1782 1
868 1750 909 1784 et
936 1748 971 1784 5.

462 1818 486 1844 α
514 1808 670 1844 notavit
699 1809 862 1846 Wessn.

463 1871 524 1906 la
564 1872 886 1909 additamentum
929 1884 979 1909 ex
1022 1874 1110 1911 336.
1152 1875 1174 1911 3
1216 1875 1252 1917 (l.
1291 1885 1321 1911 s.
1353 1875 1376 1911 l.
1407 1885 1444 1920 p.
1476 1875 1553 1917 53)·
1638 1876 1662 1911 2
1690 1874 1862 1910 imitatio
1891 1872 2039 1909 Donati

406 1931 529 1968 libera
556 1934 597 1968 et
625 1936 838 1979 suspectae
867 1935 1093 1972 latinitatis.
1823 1931 1832 1936 ’

459 2004 484 2028 a
522 1993 617 2030 Pho.
659 1995 746 2032 318.
788 1996 822 2033 3.
908 1998 1007 2034 1061
1052 1998 1069 2033 1
1112 1998 1157 2034 cf.
1202 1999 1312 2035 1025.
1344 1999 1380 2035 2.
1465 1998 1568 2035 1062
1600 1999 1618 2034 1
1649 1997 1695 2035 cf.
1727 1998 1851 2033 Andr.
1881 1996 1969 2033 957.
1999 1995 2034 2031 2.

408 2056 508 2091 Eun.
539 2055 627 2092 562.

463 2116 527 2152 3a
555 2117 600 2153 cf.
633 2118 721 2168 578.
755 2119 787 2164 1,
819 2119 906 2156 806.
938 2121 973 2156 3.

459 2180 639 2224 expunxi
666 2181 909 2218 emblemata
937 2182 1001 2218 za
1029 2185 1070 2219 et
1098 2184 1117 2219 b
1147 2184 1227 2220 iam
1256 2185 1358 2220 satis
1389 2194 1590 2230 superque
1621 2194 1644 2220 a
1672 2193 1736 2220 me
1765 2183 1920 2220 notata.

460 2241 640 2284 expunxi
655 2241 897 2279 emblemata
911 2243 1011 2280 falsa
1029 2245 1046 2279 1
1065 2256 1088 2280 α
1104 2246 1145 2281 et
1159 2245 1198 2291 b,
1215 2247 1255 2282 et
1271 2247 1594 2282 additamentum
1610 2256 1680 2291 per
1696 2245 1832 2290 ‘ergo',
1847 2245 1892 2282 cf.
1908 2245 1957 2281 ad
1973 2244 2034 2281 72.

460 2302 484 2337 4
523 2302 568 2338 cs.
607 2304 684 2338 An.
725 2303 812 2340 817.
897 2305 920 2341 2
958 2306 1003 2342 cf.
1038 2307 1159 2351 1071;
1191 2307 1301 2344 nulla
1329 2310 1467 2344 autem
1496 2308 1560 2345 hic
1588 2310 1651 2344 est
1679 2307 1870 2353 laudatio,
1899 2306 2035 2352 potius

407 2363 664 2409 contrarium,
693 2365 738 2401 cf.
769 2365 902 2402 Fabia.

460 2425 482 2461 3
510 2426 712 2462 contraxit
744 2427 761 2462 1
797 2435 836 2463 et
866 2428 900 2464 2.

462 2488 480 2522 1
512 2487 588 2523 hoc
614 2487 700 2524 loco
730 2499 809 2525 non
839 2492 998 2536 aptum,
1028 2492 1095 2527 ubi
1124 2491 1305 2529 Gnatho:
1337 2493 1461 2538 ‘prius
1491 2493 1637 2530 audite’
1668 2503 1713 2530 ac
1741 2493 1853 2530 dein:
1882 2492 1930 2528 ‘si
1953 2491 2035 2536 pla—

408 2548 534 2584 cuerit
562 2548 750 2586 facitote'.

462 2610 481 2644 1
513 2610 632 2646 nimis
663 2621 1031 2658 supervacaneum;
1061 2616 1266 2651 structura
1293 2616 1333 2652 in
1363 2615 1494 2652 medio
1522 2617 1586 2652 est
1615 2616 1759 2662 posita.

457 2671 481 2707 2
511 2672 722 2708 semirhet.
753 2673 912 2710 Donati.

458 2733 572 2769 iunxi
602 2734 624 2770 3
653 2736 693 2770 et
722 2735 745 2769 4
775 2738 979 2780 expuncto
1007 2737 1245 2782 longissimo
1275 2739 1516 2776 emblemate
1545 2740 1569 2775 4
1593 2750 1628 2785 α,
1654 2740 1700 2776 de
1723 2749 1802 2784 quo
1826 2739 1917 2776 vide
1932 2748 2034 2784 quae

406 2795 609 2839 disputavi
645 2795 669 2834 l.
707 2806 739 2832 S.
770 2797 793 2833 1.
824 2807 861 2842 p.
892 2798 941 2834 96
971 2809 1029 2843 sq.
1060 2800 1305 2845 Suspectum
1333 2804 1398 2837 est
1427 2811 1506 2837 non
1538 2803 1702 2838 tantum
1730 2803 1894 2847 propter
1922 2801 2033 2836 ‘non-

405 2857 487 2892 sed’
525 2857 647 2893 toties
677 2859 895 2903 repetitum
923 2860 983 2902 (cf.
1014 2871 1140 2906 supra
1168 2863 1216 2898 ad
1247 2862 1353 2907 604),
1385 2864 1455 2898 sed
1483 2866 1606 2899 etiam
1633 2863 1726 2908 quia
1753 2864 1900 2900 fluctus
1929 2862 2033 2898 fiunt

405 2919 444 2954 in
485 2919 682 2963 simpulo:
724 2921 930 2957 sententia
966 2921 1263 2967 simplicissima
1300 2926 1361 2960 tot
1389 2925 1511 2960 verba
1538 2935 1619 2960 non
1647 2925 1835 2970 requirit;
1864 2924 2033 2968 denique

405 2980 552 3016 similia
579 2982 775 3024 quaedam
804 2983 996 3027 leguntur
1023 2984 1073 3020 iis
1101 2994 1203 3029 quae
1231 2985 1330 3021 dixit
1360 2986 1459 3022 Don.
1488 2987 1529 3022 in
1562 2987 1580 3021 1
1612 2988 1652 3023 et
1682 2986 1705 3022 3
1733 2988 1781 3023 de
1810 2985 1964 3022 ‘milite'
1991 2985 2032 3021 et

407 3041 559 3087 ‘rivali',
598 3043 645 3078 de
684 3043 869 3090 ‘censeo’‚
908 3045 955 3081 de
991 3046 1217 3082 consiliario
1254 3047 1312 3089 (D.
1353 3048 1563 3090 consulat).
1657 3049 1681 3084 2
1715 3048 1826 3084 locus
1855 3047 2031 3092 Homeri,
2083 3053 2089 3059 ·

407 3106 454 3139 ut
491 3104 581 3140 clar.
619 3114 715 3141 van
743 3105 1002 3143 Leeuwen
1032 3117 1097 3144 me
1125 3108 1297 3154 monuit,
1325 3108 1473 3153 legitur
1499 3109 1539 3145 in
1568 3109 1703 3146 Iliadis
1736 3109 1795 3146 16.
1825 3109 1903 3146 824
1929 3117 1989 3152 sq.
