2242 3443
307 234 496 263 ADELPHI
1156 230 1240 268 302

409 351 511 386 dedit
545 351 662 396 paulo
692 355 786 389 ante
815 352 876 390 99.
912 353 952 398 15
983 354 1029 390 de
1059 354 1347 390 additamentis
1378 364 1447 399 per
1477 355 1524 390 id
1555 357 1635 392 est
1665 354 1754 391 sim.
1785 354 1874 392 vide
1904 354 1995 392 adn.
2024 355 2073 393 ad

415 415 489 449 An.
524 414 609 450 147.
643 415 729 452 181.
763 416 810 452 al.

308 476 379 511 101
466 475 489 510 2
532 476 748 513 ‘delictum'
794 480 1037 522 usurpatum
1083 481 1126 514 ut
1166 488 1188 513 a
1224 479 1416 515 Terentio
1455 480 1493 515 in
1524 490 1560 514 v.
1591 479 1678 516 682.
1767 480 1785 514 1
1818 479 1965 524 repetit
1993 479 2073 517 fere

411 536 506 572 Don.
551 538 586 583 2,
631 539 777 574 falsum
821 542 958 576 autem
1000 542 1065 576 est
1103 541 1201 576 haec
1238 541 1601 585 ‘subindignanter’
1642 541 1942 586 pronuntianda
1968 550 2071 586 esse,

411 601 533 635 immo
558 600 702 636 leniter
727 602 837 637 Micio
863 602 1026 646 corrigit
1050 603 1247 638 invidiosa
1273 604 1393 639 verba
1408 603 1591 649 Demeae,
1609 605 1654 640 ut
1671 604 1848 640 ostendit
1863 603 1962 640 Don.
1979 604 2019 640 in
2034 603 2072 642 3.

308 664 383 699 104
465 662 511 698 cf.
543 664 616 698 An.
651 663 735 699 188.
767 663 801 699 6.
893 710 896 712 Ι

308 726 383 762 109
469 728 487 762 1
530 725 624 762 Hec.
664 724 750 762 595.
783 725 817 761 3.
902 725 926 762 2
955 725 1071 762 aliter
1099 726 1196 762 haec
1224 728 1346 763 verba
1375 727 1563 763 distinxit
1592 727 1690 763 Don.
1721 727 1770 763 ad
1799 728 1876 763 An.
1906 726 1995 765 435.
2025 727 2072 774 5;

412 789 621 831 praeterea
663 787 886 823 differentia
929 790 1085 832 pugnat
1128 798 1218 825 cum
1257 789 1356 825 Don.
1396 789 1484 826 321.
1524 789 1547 826 3
1586 791 1625 826 et
1664 790 1766 825 satis
1795 790 1860 825 est
1888 789 2074 836 absurda,

414 859 506 885 nam
537 851 576 885 et
608 859 883 894 speramus
912 852 951 886 et
981 853 1354 895 exspectamus
1384 854 1470 888 tam
1500 853 1595 888 ante
1623 852 1727 888 diem
1757 861 1878 896 quam
1896 852 1944 887 ad
1969 851 2073 888 diem

413 911 509 953 (scil.
543 914 742 956 eventus),
773 914 894 956 atque
920 914 1140 956 utrumque
1167 913 1324 949 avidius
1350 913 1477 950 facere
1501 923 1742 958 possumus;
1767 913 1938 958 denique
1967 923 2074 951 cau:

411 973 545 1009 salis
583 975 893 1009 coniunctio
933 974 1084 1010 nullam
1122 975 1244 1011 habet
1281 976 1493 1021 rationem,
1523 976 1570 1012 de
1598 985 1676 1020 quo
1706 975 1803 1012 vitio
1833 975 1922 1011 vide
1949 975 2026 1012 vol.
2056 975 2074 1012 1

413 1036 535 1080 praef.
566 1036 646 1072 XII
676 1037 766 1072 adn.
801 1037 834 1079 1,
864 1038 954 1073 adn.
985 1038 1031 1073 ad
1061 1039 1138 1073 An.
1172 1037 1257 1084 184,
1288 1037 1375 1083 328,
1405 1039 1453 1074 ad
1485 1038 1584 1073 Eun.
1613 1037 1649 1083 9,
1683 1037 1768 1084 134,
1798 1038 1845 1074 al.

308 1098 384 1134 110
469 1099 485 1133 1
527 1109 549 1133 α
588 1099 745 1141 falsum,
785 1101 828 1134 ut
859 1100 905 1134 ad
935 1099 1035 1134 Eun.
1066 1100 1154 1146 477,
1184 1100 1271 1146 618,
1302 1100 1351 1136 al.
1381 1101 1436 1136 De
1464 1100 1637 1136 formula
1666 1101 1813 1136 deest
1842 1099 1882 1135 in
1911 1099 2073 1136 scholiis

412 1161 561 1204 spuriis
590 1162 679 1196 vide
707 1162 784 1199 Mn.
815 1161 876 1198 32.
907 1161 985 1198 300
1014 1172 1098 1206 sqq.
1129 1165 1168 1198 et
1198 1162 1283 1198 libr.
1315 1172 1450 1198 meum
1476 1172 1512 1206 p.
1542 1162 1615 1199 157
1642 1166 1708 1204 (=
1724 1163 1868 1198 Mnem.
1895 1161 1957 1199 35.
1983 1161 2073 1205 408)

412 1223 477 1257 ubi
517 1222 703 1267 exempla
739 1224 927 1268 congessi
965 1224 1013 1260 ad
1043 1225 1165 1260 Andr.
1197 1226 1237 1260 et
1266 1226 1312 1260 ad
1343 1225 1442 1261 Eun.
1473 1225 1653 1269 Denique
1683 1224 1772 1260 vide
1801 1233 1903 1269 quae
1933 1223 2074 1269 scripsi

412 1284 449 1319 in
481 1286 573 1321 adn.
605 1286 652 1321 ad
682 1287 758 1321 An.
791 1278 883 1322 158.
962 1286 985 1322 3
1017 1286 1062 1322 cf.
1096 1286 1190 1322 Hec.
1220 1286 1306 1323 746.
1340 1287 1375 1323 2.

310 1346 383 1382 113
465 1346 512 1384 cf.
542 1348 617 1382 An.
649 1347 735 1384 348.
764 1348 799 1383 4.
887 1349 962 1385 115
991 1348 1014 1384 2
1043 1349 1147 1385 rhet.
1178 1349 1277 1386 Don.
1306 1350 1350 1385 ut
1380 1349 1551 1386 videtur.

308 1408 383 1445 116
468 1409 486 1444 1
531 1409 729 1445 scholium
775 1410 971 1454 repetitur
1007 1410 1088 1446 fere
1127 1412 1176 1447 ad
1213 1411 1307 1447 Hec.
1344 1411 1406 1456 94,
1446 1411 1515 1447 Ph.
1545 1412 1616 1456 91;
1648 1411 1695 1447 cf.
1725 1410 1846 1447 etiam
1876 1411 1950 1446 Ad.
1984 1409 2070 1447 143.

412 1472 553 1507 Errare
582 1471 784 1507 Donatum
815 1473 861 1507 de
888 1471 973 1508 loco
1004 1472 1232 1518 Vergiliano
1262 1474 1422 1510 notavit
1446 1473 1686 1510 Ribbeckius
1709 1473 1749 1509 in
1775 1472 2073 1518 prolegomenis

414 1543 450 1578 p.
484 1533 569 1570 184.
653 1533 676 1570 3
705 1533 751 1569 cf.
782 1534 829 1569 ad
859 1533 954 1570 Hec.
989 1535 1074 1571 147.
1108 1534 1194 1573 183.

307 1597 380 1632 117
467 1596 491 1633 2
520 1596 623 1632 rhet.
649 1595 695 1632 cf.
726 1597 815 1632 adn.
847 1597 894 1632 ad
925 1598 1001 1633 An.
1031 1596 1121 1634 356.

307 1659 382 1694 118
467 1660 486 1694 1
519 1660 621 1703 ‘quis
650 1659 784 1695 credat
813 1658 876 1695 hic
902 1659 1048 1704 respici
1077 1670 1241 1696 versum
1270 1660 1592 1697 remotissimum
1622 1660 1718 1697 61'?

308 1722 383 1757 119
466 1720 490 1756 2
526 1720 626 1757 falso
665 1721 777 1757 Micio
815 1722 1054 1766 proponitur
1083 1723 1292 1766 tamquam
1322 1724 1508 1759 sordidus
1537 1731 1764 1766 cavensque
1793 1722 1986 1757 damnum
2014 1731 2072 1757 ar-

413 1784 545 1827 genti;
585 1792 755 1827 prorsus
784 1783 898 1820 aliter
928 1785 1026 1820 Don.
1056 1786 1095 1820 in
1124 1785 1161 1830 4,
1191 1786 1258 1821 ubi
1285 1787 1421 1822 tamen
1451 1787 1679 1831 postrema:
1709 1784 1803 1820 ‘non
1831 1785 1940 1820 enim
1971 1784 2070 1828 sqq!

413 1846 546 1882 otiosa
573 1848 613 1882 et
642 1846 738 1882 mihi
768 1849 958 1892 suspecta
987 1849 1097 1883 sunt.

308 1908 381 1944 121
467 1907 514 1946 cf.
544 1909 619 1944 An.
649 1908 736 1944 499.
769 1909 805 1953 3,
835 1908 923 1946 508.
955 1909 991 1954 2,
1020 1909 1109 1946 827.
1139 1910 1235 1946 Hec.
1266 1909 1328 1946 38.

306 1970 381 2006 122
466 1971 484 2005 1
517 1970 605 2006 vide
631 1971 839 2007 Kauerum
868 1973 905 2007 in
935 1973 1027 2008 adn.
1056 1973 1203 2009 critica.
1290 1972 1314 2008 2
1342 1973 1624 2018 interpretatio
1651 1972 1884 2009 falsissima.

305 2033 381 2068 125
464 2033 620 2068 ‘melius
648 2043 745 2078 ergo
773 2033 873 2078 sqq.’
898 2035 1219 2071 additamentum
1247 2035 1497 2081 languidum,
1521 2036 1648 2072 immo
1671 2035 1834 2081 falsum,
1859 2044 1938 2071 non
1963 2034 2068 2071 enim

412 2095 581 2131 ‘melius’
619 2097 689 2131 sed
728 2107 748 2132 e
777 2096 955 2132 Micionis
985 2097 1214 2134 charactere
1245 2097 1359 2134 unice
1387 2100 1495 2134 recte
1524 2098 1580 2134 sic
1608 2098 1758 2134 dictum
1790 2099 1867 2144 est,
1895 2097 1941 2133 cf.
1970 2096 2070 2132 Don.

412 2158 459 2192 ad
492 2157 578 2194 126.
609 2158 663 2193 De
691 2158 977 2195 additamentis
1007 2169 1076 2204 per
1104 2169 1224 2204 ergo
1253 2160 1342 2196 vide
1370 2161 1417 2196 ad
1447 2161 1546 2196 Eun.
1579 2160 1641 2197 72.

308 2219 380 2255 127
465 2219 488 2255 2
529 2220 575 2255 de
616 2220 724 2255 vocis
744 2219 1036 2257 'consilium
1067 2223 1206 2267 etymo
1237 2222 1352 2258 aliter
1381 2222 1508 2259 Varro
1537 2225 1578 2259 et
1607 2222 1731 2259 schol.
1761 2222 1859 2258 Dcn.
1889 2222 1938 2258 ad
1967 2222 2068 2257 Aen.

412 2281 449 2319 9.
478 2282 521 2326 4;
553 2281 597 2317 cf.
632 2282 793 2318 Wessn.
822 2292 913 2328 app.
998 2284 1021 2321 3
1050 2284 1146 2320 Pho.
1178 2284 1239 2321 73.
1273 2285 1307 2330 1,
1337 2285 1426 2322 590.

307 2343 382 2378 123
464 2343 487 2379 3
517 2345 556 2379 et
586 2344 611 2378 4
638 2344 697 2386 (cf.
729 2346 777 2380 ad
810 2345 896 2387 113)
928 2345 996 2381 vix
1026 2346 1182 2382 Donato
1213 2347 1343 2383 danda
1371 2357 1462 2383 esse
1491 2347 1687 2383 videntur.

308 2405 382 2441 132
466 2405 511 2441 cf.
541 2405 630 2441 991.
662 2406 697 2442 3.
784 2407 859 2443 133
888 2407 934 2443 ct.
964 2407 1052 2444 350.
1085 2408 1120 2444 2.
1150 2410 1226 2444 An.
1257 2409 1334 2446 572
1363 2419 1394 2445 c.
1426 2410 1532 2455 adn.,
1561 2409 1661 2458 Eun.
1695 2408 1781 2444 171.
1811 2408 1848 2453 4,
1876 2407 1963 2445 388.
1997 2407 2032 2443 1.

307 2467 383 2503 135
467 2467 485 2503 1
529 2468 617 2504 vide
657 2468 805 2513 Speng.
847 2471 887 2505 et
925 2469 1072 2506 Kauer.
1113 2471 1159 2505 ad
1188 2471 1226 2506 h.
1256 2481 1292 2507 v.
1378 2470 1402 2506 2
1432 2471 1599 2507 verbum
1627 2470 1822 2507 ‘irascere’
1851 2469 2001 2514 legitur
2029 2469 2067 2504 in

412 2528 501 2574 ipso
529 2531 658 2565 textu.

310 2591 385 2626 136
471 2592 489 2627 1
534 2591 693 2636 falsum,
736 2592 884 2628 Demea
924 2593 1087 2637 respicit
1128 2604 1230 2638 quae
1266 2594 1443 2631 asseruit
1478 2595 1517 2630 in
1559 2593 1777 2631 133-135.
1863 2593 1886 2630 3
1923 2593 2071 2630 Demea

416 2654 561 2699 repetit
589 2654 671 2691 fere
700 2655 879 2691 Micionis
907 2656 1030 2691 verba
1057 2657 1096 2691 in
1128 2657 1214 2694 132.

310 2717 382 2752 137
470 2716 489 2752 1
522 2716 666 2761 Speng.
698 2718 765 2753 vix
794 2720 923 2753 recte:
953 2719 1008 2753 ‘es
1035 2718 1236 2755 schmerzt
1259 2719 1379 2766 mich,
1404 2721 1499 2756 dass
1525 2721 1577 2756 du
1594 2719 1654 2755 die
1669 2718 1797 2755 Sache
1813 2727 1857 2754 so
1873 2715 2069 2754 nimmst’.

416 2779 523 2814 Bene
563 2779 675 2823 Don.,
714 2780 829 2815 cuius
866 2779 1149 2823 interpretatio
1187 2780 1264 2817 huc
1296 2781 1409 2826 redit,
1448 2783 1494 2817 ut
1521 2781 1648 2827 Micio,
1677 2782 1893 2825 postquam
1921 2779 2070 2815 Demea

413 2841 515 2875 dixit
544 2840 634 2876 ‘non
666 2843 817 2885 repeto,
848 2850 964 2884 quem
998 2841 1111 2885 dedi’,
1141 2843 1255 2885 quasi
1283 2843 1536 2888 interponat:
1565 2842 1658 2887 quid
1686 2851 1781 2886 ergo
1810 2841 1934 2877 etiam
1961 2839 2069 2884 loqui

415 2902 580 2946 pergis?
609 2903 671 2938 cui
701 2904 787 2938 tum
818 2902 987 2947 Demea;
1018 2904 1150 2947 ‘aegre
1177 2905 1252 2940 est’
1279 2904 1362 2941 scil.
1387 2907 1532 2951 tacere,
1556 2914 1651 2941 nam
1677 2903 1834 2940 alienus
1858 2912 1938 2939 non
1962 2911 2067 2938 sum·

415 2963 551 2999 Kauer
579 2963 688 2999 nihil.
771 2963 792 2998 2
821 2964 938 3000 iuxta
965 2964 1064 3000 Don.
1095 2964 1130 3001 3.

310 3025 384 3061 139
465 3026 489 3060 4
517 3025 678 3071 falsum,
708 3026 938 3070 ‘posterius’
968 3025 1152 3062 absolute
1181 3028 1357 3071 ponitur.

310 3087 383 3123 141
469 3087 491 3123 3
531 3087 661 3132 prima
699 3089 820 3124 verba
857 3089 1102 3124 conveniunt
1130 3098 1220 3124 cum
1250 3090 1349 3126 Don.
1380 3090 1404 3126 2
1432 3090 1456 3126 i.
1481 3089 1521 3136 f.,
1550 3089 1702 3134 reliqua
1729 3090 1930 3133 quantum
1957 3088 2067 3125 intel·

415 3149 517 3194 lego,
561 3159 725 3194 pravam
767 3152 1145 3196 interpretationem
1189 3153 1412 3197 continent,
1449 3152 1563 3196 quasi
1599 3152 1711 3188 Micio
1751 3151 1867 3197 dicat,
1904 3152 2068 3196 propter
