2242 3443
1135 198 1219 235 :236

460 327 686 365 meliorem
722 337 861 374 neque
895 337 952 374 pr.
989 324 1168 363 maioris
1203 334 1330 362 nemo
1365 324 1420 361 h!
1455 324 1628 367 (Heaut.
1664 324 1748 364 63).
1780 325 1804 362 2
1833 334 1968 363 MAers
1996 335 2052 364 Ex

460 413 540 441 Usu
575 414 650 451 pro
684 402 876 450 ‘utilior‘,
910 411 1045 440 MAffls
1077 410 1359 439 opponrtmus
1392 410 1466 448 pro
1501 399 1828 448 ‘opportunior‘.

283 478 383 513 1078
633 479 646 512 1
678 487 784 512 nmio
817 487 884 512 usr
916 476 988 511 hoc
1017 476 1079 511 est
1111 484 1173 510 *ex
1206 484 1282 509 usu
1309 474 1405 510 tuo’.
1435 475 1456 508 2
1482 484 1615 509 HABET
1642 484 1748 515 quon
1774 484 1850 510 DET
1868 475 1912 510 ut
1927 474 2052 519 dives,

577 540 622 566 ΕΤ
651 541 730 566 DA'r
759 541 866 566 nmio
899 539 1074 566 LARGIUS
1106 531 1150 564 ut
1181 528 1368 565 liberalis.

284 607 382 643 1079
519 604 542 640 2
587 613 794 641 [NsULsus
837 603 932 640 sine
965 602 1085 640 sale
1121 602 1164 639 et
1197 600 1431 649 sapientia.
1466 603 1519 642 (ai
1554 601 1578 638 6
1613 610 1783 638 FATUUS
1815 600 1966 649 inepta
1996 601 2052 640 lo·

456 689 614 727 qucus;
651 689 675 718 a
708 679 871 717 fando
906 678 1083 716 ‘fatuus'
1119 677 1303 724 dicitur;
1339 676 1437 715 inde
1472 675 1610 714 Fauni
1643 676 1812 714 Fatui
1845 677 1889 716 et
1920 676 2051 725 Nym-

459 756 568 803 phae
612 756 825 794 Fatuae
868 757 1049 793 vocatae
1095 755 1208 792 sunt.
1254 754 1276 792 7
1322 763 1492 791 FATUUS
1526 763 1600 791 Es'r
1634 762 1843 791 msnnsus
1875 751 2053 792 ‘fatuus’

460 834 539 870 est'
583 832 727 871 verbis
769 843 819 871 ac
860 832 1007 878 dictis,
1057 830 1284 869 ‘insulsus'
1323 829 1450 868 corde
1494 831 1625 877 atque
1678 829 1846 876 ani1n0;
1881 839 2053 869 TARDUS

459 904 635 947 ‘tardus’
679 919 856 957 corpore
901 918 950 946 ac
990 907 1223 954 membris;
1269 906 1475 954 quamvis
1520 905 1656 944 etiam
1700 904 1925 945 intellectu
1968 907 2052 945 tar·

459 984 536 1023 dos
577 985 793 1032 dicamus,
837 985 911 1032 qui
956 983 1086 1022 stulti
1119 984 1244 1030 sunt;
1280 983 1304 1021 8
1338 982 1415 1020 sed
1449 981 1610 1020 melius
1641 983 1710 1020 est
1741 981 1805 1020 sic
1837 980 2052 1030 intellegi,

459 1063 506 1099 ut
546 1071 596 1099 ca
639 1061 746 1099 vitia
786 1061 927 1099 dicere
974 1060 1191 1107 videatur,
1236 1069 1346 1107 quae
1390 1058 1677 1097 inamabilem
1717 1057 1884 1097 faciant
1916 1058 2051 1098 etiam

456 1137 639 1175 divitem
679 1137 937 1185 largumque
980 1138 1250 1174 amatorem:
1290 1144 1395 1173 nam
1441 1136 1517 1173 aut
1555 1134 1688 1173 verba
1720 1134 2052 1185 commendant,

459 1216 506 1251 ut
545 1212 804 1262 ‘pendetque
846 1213 871 1251 i.
906 1211 1128 1250 narrantis
1161 1211 1213 1249 ab
1247 1212 1332 1249 ore‘
1367 1211 1490 1251 (Aen.
1524 1211 1565 1249 4.
1602 1206 1686 1259 79),
1722 1211 1799 1249 aut
1830 1210 2051 1259 sapientia

457 1291 631 1336 gratum
666 1288 792 1337 facit,
826 1291 874 1326 ut
908 1287 1064 1326 ‘multa
1095 1287 1178 1325 viri
1210 1287 1353 1325 virtus
1387 1286 1552 1325 animo'
1585 1286 1710 1328 (Aen.
1745 1288 1785 1326 4.
1821 1288 1876 1334 3).
1907 1281 1966 1335 (a)
1997 1288 2046 1326 ll

459 1375 630 1403 FATUUS
672 1375 748 1403 EST
790 1373 999 1403 msunsus
1031 1364 1136 1402 haec
1169 1373 1279 1410 quae
1312 1372 1428 1402 nunc
1461 1362 1582 1401 addit
1614 1372 1700 1401 non
1734 1373 1790 1401 ex
1821 1363 2050 1412 superiori·

462 1440 543 1479 bus
569 1441 782 1489 pendent;
811 1441 886 1479 sed
914 1450 1014 1478 curn
1042 1438 1268 1488 superiora
1294 1438 1471 1477 valeant
1496 1438 1737 1487 plurimum
1757 1461 1809 1466 —
1828 1449 1932 1479 nam
1949 1439 2052 1488 quia

461 1519 503 1555 et
544 1517 668 1555 dives
708 1518 752 1555 et
791 1515 1005 1565 liberalis,
1052 1515 1193 1564 potuit
1229 1515 1384 1554 obesse
1417 1514 1633 1554 rivalibus
1665 1537 1735 1565 —,
1769 1515 1877 1555 haec
1903 1517 2052 1556 omnia

459 1592 572 1631 bona
611 1593 654 1631 in
698 1592 838 1631 milite
885 1593 1242 1640 corrumpuntur,
1286 1591 1399 1639 quod
1434 1590 1626 1641 ‘fatuus’,
1661 1592 1775 1640 quod
1809 1591 2048 1643 ‘insulsus’‚

459 1669 571 1717 quod
603 1670 748 1708 cetera
778 1678 886 1717 quae
919 1669 1012 1717 ipse
1046 1667 1339 1717 persequitur.
1379 1668 1430 1706 13
1464 1678 1501 1706 r.
1535 1678 1573 1706 E.
1608 1678 1636 1707 1.
1670 1668 1752 1708 hoc
1783 1678 1859 1718 pro
1889 1679 2049 1709 acervo

459 1745 665 1783 vitiorum
707 1755 808 1784 cum
848 1745 1039 1792 quadam
1085 1744 1231 1783 vultus
1276 1743 1562 1792 improbitate
1594 1744 1812 1792 prolatum
1846 1747 1931 1795 est,
1965 1756 2048 1794 quo

460 1821 603 1869 magis
634 1831 704 1859 res
736 1822 778 1859 in
814 1821 955 1860 medio
987 1821 1131 1869 posita
1164 1830 1263 1859 esse
1297 1820 1513 1859 videatur.

629 1896 646 1930 1
683 1905 842 1932 FATUUS
873 1896 946 1931 hoc
974 1897 1038 1931 est
1066 1895 1365 1939 ‘opportunus'.
1398 1896 1419 1930 2
1449 1906 1472 1931 α
1502 1896 1572 1931 aut
1602 1896 1691 1932 sine
1721 1895 1861 1933 saltu
1891 1905 1936 1932 ac
1963 1896 2051 1934 faci-

575 1948 700 1985 litate.
727 1949 749 1985 3
775 1960 934 1986 TARous
961 1952 999 1985 in
1025 1949 1226 1985 Venerem
1251 1950 1416 1985 scilicet.
1435 1951 1456 1984 4
1483 1959 1649 1986 swam*
1665 1949 1756 1995 plus
1772 1950 1872 1986 dixit
1889 1951 2050 1988 ‘stertit’

573 2013 693 2047 quarn
732 2004 918 2040 ‘dormit’.
959 2005 981 2038 5
1020 2013 1250 2045 NOCTESQUE
1287 2014 1333 2039 m·
1368 2013 1458 2039 mas
1497 2004 1589 2048 plus
1629 2004 1830 2049 significat
1867 2013 1988 2049 quam
2017 2006 2050 2042 si

577 2057 822 2100 <diceret>
853 2059 1006 2094 ‘diebus
1037 2059 1077 2094 et
1105 2057 1319 2093 noctibus’.
1349 2058 1372 2093 9
1397 2056 1419 2077 ἦε
1445 2057 1521 2094 Sed
1546 2058 1642 2094 mihi
1667 2058 1826 2095 videtur
1849 2057 2050 2096 fatuum

572 2112 717 2155 dicere,
742 2111 808 2155 qui
837 2114 998 2148 tantum
1028 2111 1221 2157 glorietur
1251 2113 1291 2147 et
1320 2112 1488 2148 blandiri
1516 2112 1668 2149 amicae
1697 2112 1864 2158 nesciat,
1893 2113 2050 2150 insul·

576 2164 699 2201 sum'
727 2167 793 2209 qui
832 2176 910 2202 non
951 2166 1003 2202 sit
1043 2165 1155 2202 salax
1194 2168 1234 2202 et
1272 2166 1441 2210 cupidus
1467 2166 1614 2212 coitus,
1641 2168 1844 2203 tardum
1873 2168 1941 2211 qui
1968 2177 2049 2204 non

574 2219 685 2256 facile
727 2220 897 2264 explicet
927 2219 1137 2263 Venerem,
1164 2228 1264 2262 quae
1296 2230 1360 2256 res
1386 2221 1666 2257 meretricibus
1692 2221 1947 2258 odiosissima
1973 2223 2048 2266 est.

581 2274 626 2308 10
651 2284 684 2309 F.
711 2283 724 2308 1
749 2277 846 2311 sunt
872 2275 938 2318 qui
967 2275 1168 2310 fatuum
1197 2275 1330 2310 animo
1361 2276 1520 2320 putent,
1549 2275 1804 2312 insulsum
1833 2275 1963 2321 dictis,
1979 2277 2050 2313 sed

577 2328 700 2370 male;
731 2338 824 2363 narn
856 2328 1007 2364 Fatui
1035 2329 1072 2363 di
1101 2336 1258 2372 quoque
1289 2330 1404 2372 sunt,
1433 2329 1502 2373 qui
1525 2330 1566 2365 et
1590 2329 1754 2366 Fauni
1777 2329 1984 2375 dicuntur,
2008 2333 2049 2367 et

577 2391 655 2417 non
695 2382 812 2421 stulti
849 2384 918 2418 sed
957 2382 1133 2418 multum
1162 2381 1337 2418 fantes
1366 2382 1405 2418 id
1434 2384 1498 2419 est
1525 2383 1749 2427 loquentes.
1782 2384 1829 2420 12
1858 2393 1893 2419 F.
1923 2393 1993 2420 EST
2021 2394 2047 2420 1.

575 2436 672 2472 haec
700 2437 799 2472 bene
827 2437 1041 2482 adduntur,
1072 2437 1165 2480 quia
1191 2437 1396 2481 <quod>
1422 2437 1524 2473 dixit
1549 2439 1603 2474 ‘et
1627 2438 1750 2475 habet
1777 2439 1884 2483 quod
1912 2438 1978 2474 det
2007 2439 2048 2475 et

573 2491 640 2526 dat
677 2499 795 2526 nemo
824 2489 990 2534 largius’
1022 2495 1071 2532 (v,
1106 2490 1223 2531 1078)
1253 2492 1301 2526 ad
1331 2500 1421 2527 eam
1451 2500 1536 2527 rem
1566 2492 1746 2538 valebat,
1770 2494 1816 2528 ut
1843 2493 2047 2529 amaretur

574 2544 689 2579 miles
716 2554 738 2579 a
769 2545 978 2581 meretrice
1008 2547 1047 2581 et
1073 2546 1385 2590 praeponendus
1419 2547 1530 2581 esset
1555 2546 1761 2583 omnibus:
1792 2547 1862 2583 sed
1889 2546 2049 2593 ingrata

575 2599 673 2634 sunt
703 2598 950 2635 mulierculis
979 2599 1238 2643 maximeque
1262 2599 1425 2635 lascivis
1450 2599 1549 2636 haec
1574 2602 1711 2638 omnia
1733 2610 1835 2645 quae
1862 2600 2047 2638 subiecit.

284 2673 386 2709 1080
521 2679 596 2708 nm
624 2679 748 2707 VEL-rs
779 2670 997 2716 quando
1032 2671 1100 2709 vel
1132 2671 1615 2720 quandocumque.

284 2749 383 2785 1081
525 2747 544 2783 1
589 2754 693 2790 Qum
730 2755 897 2783 Aemus
929 2746 1107 2784 initium
1141 2747 1444 2786 consensionis
1478 2747 1693 2788 dubitatio
1727 2749 1794 2787 est
1825 2749 1938 2798 eius,
1974 2748 2074 2797 qui·

457 2821 700 2868 negaverit.
736 2821 759 2858 2
788 2830 873 2859 Hoc
901 2831 1038 2859 ΕΤΙΑΜ
1067 2822 1187 2860 deest
1217 2820 1438 2870 <‘est’>
1466 2823 1535 2862 vel
1565 2823 1742 2863 ‘habet'.
1771 2825 1796 2863 3
1825 2833 1940 2869 ouon
1964 2833 2045 2863 mo

459 2896 682 2944 parasitus
714 2896 897 2935 scilicet.

627 2971 649 3005 4
680 2980 837 3006 ramum
867 2980 970 3007 Puro
999 2971 1188 3016 ‘primum
1219 2974 1329 3017 puto’
1360 2972 1475 3017 quasi
1499 2973 1714 3018 parasitus.

282 3041 385 3080 1082
523 3042 542 3078 1
592 3050 761 3080 ACCIPIT
805 3052 924 3080 Homo
968 3042 1064 3091 alit,
1100 3044 1260 3093 pascit,
1296 3044 1473 3094 invitat,
1524 3047 1573 3084 ut
1605 3045 1824 3094 Vergilius
1856 3045 1971 3085 ‘illos
2001 3054 2043 3093 p.
