2242 3443
965 167 1047 204 105

128 294 205 329 906
334 291 350 327 1
381 300 585 328 ANDRIUM
613 300 694 329 EGO
723 301 939 329 caiToNEM
966 300 1093 328 VIDEo
1113 290 1274 328 bonum
1293 290 1467 328 initium
1487 289 1702 337 cognituri
1721 288 1878 326 filiam:

273 367 328 409 (α)
361 366 401 409 (2
431 376 595 404 SALVUS
622 377 685 405 SIS
713 377 834 405 CRITO
858 362 908 411 ¹))
925 377 978 405 ne
996 366 1164 404 laboret
1181 366 1233 403 ad
1253 365 1620 413 persuadendum,
1640 364 1751 401 miro
1769 373 1881 402 com-

271 441 424 489 pendio
457 444 609 490 poetae
642 443 729 480 iam
764 442 880 480 Crito
914 443 1045 480 notus
1079 441 1146 479 est
1179 440 1366 479 Chremi.

446 516 463 550 1
492 526 515 550 α
543 517 678 559 itaque
706 516 928 559 compendii
957 524 1079 551 causa
1107 524 1187 550 non
1211 514 1364 550 laborat
1389 515 1435 550 de
1460 514 1663 558 agnitione
1688 524 1880 558 personae

391 568 583 614 Critonis,
613 572 657 605 ut
686 571 733 605 ab
762 580 807 605 eo
836 569 949 604 facile
978 568 1109 604 doceri
1138 570 1282 614 possit.

125 643 198 679 907
328 641 346 677 1
377 649 480 684 QUn)
503 651 557 679 TU
574 651 780 679 ATHENAS
797 650 1005 678 1NS0LENS
1025 639 1247 678 ‘insolens’
1267 640 1468 677 insuetus
1486 635 1713 678 insolitus:
1732 638 1880 677 Cicero

270 714 464 754 ‘moveor
496 717 631 755 etiam
664 716 747 755 loci
781 717 878 755 ins.’
911 716 1062 756 (Deiot.
1098 717 1148 764 5),
1185 715 1423 753 Sallustius
1452 713 1661 753 ‘insolens
1689 725 1791 753 vera
1819 724 1881 752 ac-

272 790 471 839 cipiendi'
508 786 577 839 (fr.
612 793 652 833 4.
687 793 741 831 57
775 792 863 845 M.).
896 786 953 838 (a)
987 792 1011 829 2
1041 801 1215 841 EVEN1T‚
1245 801 1324 828 SED
1352 801 1501 829 HICINE
1527 801 1601 828 EST
1631 800 1729 829 ero
1757 790 1887 838 pudet

269 866 397 905 fateri
423 869 596 916 propter
624 867 915 906 hereditatem
943 867 1136 916 venisse,
1166 869 1209 905 et
1236 867 1333 905 vide
1360 867 1506 915 ipsum
1536 876 1630 905 esse
1657 866 1729 914 qui
1756 876 1886 914 supra

272 941 514 981 ‘clamitent
547 953 618 982 me
652 943 992 991 sycophantam,
1026 943 1068 981 h.
1103 953 1143 991 p.
1177 942 1252 981 m.‘
1287 946 1340 985 (V.
1376 942 1489 985 815).

433 1026 458 1052 α
486 1016 692 1052 ‘insolens'
722 1018 761 1052 et
790 1026 983 1060 arrogans
1012 1016 1273 1060 intellegitur.
1301 1015 1346 1050 2*
1373 1016 1444 1059 Qui
1469 1017 1627 1060 praeter
1649 1015 1778 1059 legem
1803 1015 1887 1059 agit

392 1070 613 1106 humanam
652 1072 693 1106 et
731 1071 953 1106 naturalem
994 1070 1227 1106 insolens
1258 1070 1419 1105 dicitur:
1452 1070 1584 1105 Cicero
1615 1069 1666 1105 ‘in
1699 1070 1883 1113 victoria,

389 1134 489 1168 quae
517 1126 664 1160 natura
690 1124 869 1160 insolens
899 1126 940 1160 et
973 1134 1004 1160 s.
1036 1125 1083 1159 e.'
1115 1124 1244 1166 (Marc.
1276 1124 1327 1169 9).

127 1199 202 1236 909
325 1206 457 1235 ITANE
490 1206 581 1234 HUc
614 1206 815 1234 PARATUS
847 1196 889 1234 id
923 1198 991 1234 est
1024 1195 1291 1234 subornatus
1324 1197 1368 1234 et
1401 1195 1671 1243 compositus
1704 1194 1815 1232 dolo.

127 1275 202 1311 910
328 1274 342 1309 1
377 1282 491 1310 TUNE
520 1282 687 1310 IMPUNE
716 1282 760 1311 H.
788 1283 826 1311 F.
854 1282 960 1310 MIRE
987 1272 1146 1310 acriter
1174 1281 1412 1319 aggressus
1441 1270 1663 1310 Critonem
1687 1270 1889 1309 dilatavit

268 1347 590 1386 incusationem
631 1349 675 1386 et
708 1347 959 1396 generalem
993 1347 1096 1386 fecit
1127 1347 1289 1386 virtute
1323 1347 1532 1396 oratoria,
1568 1356 1676 1394 quae
1708 1345 1885 1395 δεινότης

272 1423 442 1464 dicitur.
476 1425 499 1461 2
535 1434 648 1462 TUNE
678 1434 752 1463 1110
784 1424 826 1462 id
860 1426 927 1462 est
958 1424 1163 1472 Athenis,
1198 1423 1272 1461 ubi
1305 1422 1462 1462 delicta
1494 1423 1782 1461 vindicantur.

129 1503 201 1539 911
321 1509 366 1537 1N
408 1510 618 1538 FRAUDEM
644 1510 803 1538 INLICIS
828 1499 1010 1547 inligas,
1040 1499 1152 1538 unde
1181 1498 1400 1547 Vergilius
1427 1497 1564 1537 ‘terna
1586 1498 1665 1536 tibi
1683 1499 1790 1537 haec
1805 1497 1885 1546 pri-

272 1576 409 1613 mum’
443 1577 544 1615 cett.
579 1576 683 1614 (Ecl.
718 1576 755 1614 8.
790 1576 884 1623 73);
917 1575 1055 1613 licia
1088 1575 1204 1614 enim
1237 1575 1350 1613 dicta
1381 1576 1487 1612 sunt
1519 1575 1641 1622 quasi
1674 1574 1825 1622 ligia.

129 1655 203 1691 912
330 1653 354 1689 2
382 1650 714 1699 (SOLLIGITANDO
743 1662 794 1689 ET
821 1661 1086 1690 POLLIOENDO
1114 1661 1261 1689 EORUM
1287 1652 1465 1692 ANrMos)
1492 1660 1658 1688 LACTAs
1685 1650 1808 1697 quasi
1828 1651 1886 1687 te-

273 1736 401 1766 neros
434 1728 630 1766 animos:
663 1728 879 1767 lactare
917 1729 985 1766 est
1013 1727 1240 1766 dulcedine
1269 1726 1415 1774 aliqua
1442 1728 1610 1776 tenere,
1636 1726 1687 1764 ad
1714 1735 1888 1774 persua-

272 1802 462 1842 dendum
495 1803 722 1853 inducere,
757 1803 870 1842 unde
905 1805 948 1841 et
975 1803 1267 1842 delectare
1296 1804 1339 1841 et
1367 1801 1659 1841 oblectare
1685 1801 1883 1840 dicimus.

446 1878 463 1912 1
497 1887 784 1913 SOLLIOITANDO
814 1878 910 1913 cett.
940 1877 1033 1912 hinc
1062 1877 1184 1912 etiam
1215 1876 1515 1912 oblectatio.

129 1951 203 1987 913
328 1949 347 1986 1
382 1959 437 1987 Αο
470 1939 753 1987 MERETaicros
784 1959 828 1987 A.
862 1959 904 1987 N.
939 1959 974 1987 0.
1009 1948 1105 1986 vide
1134 1948 1322 1986 oratorie
1350 1948 1443 1994 agi:
1472 1949 1521 1985 ut
1548 1947 1727 1995 gravius
1755 1946 1885 1985 Crito-

274 2034 373 2062 nem
415 2028 607 2074 accuset,
653 2025 771 2063 Simo
809 2035 923 2063 nunc
957 2024 1151 2063 defendit
1181 2023 1339 2072 filium,
1376 2034 1506 2071 quem
1538 2022 1792 2061 iamdudum
1826 2022 1885 2060 in-

271 2102 510 2148 crepuerat.
538 2101 562 2138 2
589 2111 645 2139 Ac
670 2110 955 2139 MERETRICIOS
980 2110 1153 2139 AMORES
1180 2100 1304 2147 peius
1329 2099 1544 2138 lenocinio
1567 2098 1731 2137 crimen
1748 2099 1885 2145 inges-

274 2175 347 2225 sit,
382 2186 468 2214 non
502 2176 739 2215 amicam
772 2176 916 2215 facere
949 2176 1001 2214 de
1033 2176 1266 2214 meretrice
1299 2175 1375 2213 sed
1408 2175 1715 2222 coniugem.

444 2251 466 2285 2
494 2260 654 2286 NUPTHS
685 2259 1016 2287 CONGLUTINATAS
1046 2250 1121 2284 hoc
1151 2249 1314 2292 gravius
1343 2250 1405 2284 est
1434 2248 1640 2284 lenocinio.

133 2323 206 2360 914
300 2313 304 2321 “
332 2322 351 2359 1
398 2332 541 2360 METUO
583 2332 639 2360 UT
676 2333 711 2360 s.
744 2332 788 2360 H.
825 2321 901 2360 ‘ut'
935 2332 989 2360 ne
1022 2331 1132 2359 non:
1167 2320 1361 2359 Lucilius
1393 2319 1604 2358 ‘metuam
1639 2321 1685 2357 ut
1718 2328 1883 2357 memo-

274 2397 384 2436 riam
427 2398 632 2437 retineas’
676 2398 740 2443 (fr.
782 2398 866 2436 inc.
914 2398 996 2436 136
1039 2397 1121 2441 M.).
1167 2397 1191 2434 2
1234 2396 1283 2434 Ec
1325 2396 1434 2435 bene
1467 2394 1653 2443 ‘hospes’
1687 2394 1766 2441 ait,
1801 2403 1885 2431 non

277 2471 435 2511 ‘homo’
477 2473 547 2514 vel
581 2472 746 2512 ‘Crito'z
781 2475 850 2512 est
883 2473 1001 2512 enim
1034 2472 1078 2510 in
1112 2472 1207 2520 ips-o
1240 2471 1417 2510 nomine
1449 2480 1581 2509 causa
1612 2467 1884 2507 diffidentiae.

134 2550 208 2586 915
329 2548 352 2585 2
386 2559 526 2587 BONUS
559 2559 634 2587 EST
666 2560 740 2587 Hic
772 2559 847 2587 VIR
874 2559 974 2587 cum
1002 2547 1190 2596 pondere
1219 2550 1263 2586 et
1289 2546 1570 2585 distinctione
1595 2544 1884 2583 inferendum.

277 2623 301 2660 3
334 2633 408 2662 Hic
441 2635 506 2662 SIT
539 2636 613 2663 vin
644 2636 683 2664 B.
719 2625 815 2663 ‘hic’
849 2635 924 2673 per
955 2624 1165 2662 ironiam:
1200 2632 1279 2661 1100
1312 2623 1456 2662 virum
1489 2631 1567 2659 nec
1598 2620 1757 2658 bonurn
1790 2627 1885 2656 esse

278 2698 387 2737 dixit
410 2696 453 2739 21.
487 2701 512 2738 4
545 2711 619 2739 HIC
653 2710 727 2738 vm
759 2711 825 2738 SIT
862 2710 900 2739 B.
935 2700 1044 2738 mire
1076 2700 1227 2747 poeta,
1260 2708 1358 2736 cum
1397 2696 1637 2745 oportuerit
1668 2694 1882 2733 Critonem

276 2773 564 2814 inimiciorem
592 2775 767 2814 Chremi
790 2785 887 2814 esse
916 2784 1046 2822 quam
1074 2773 1260 2822 Simoni,
1290 2773 1354 2811 sic
1379 2782 1472 2811 rem
1499 2771 1684 2818 inducit,
1708 2771 1753 2807 ut
1773 2769 1810 2806 01
1828 2769 1886 2806 sit

111 2971 113 2973 Ι
159 2924 275 3011 6¹)h1n
299 2926 404 2961 codd.
437 2927 551 2962 verba
584 2929 674 2963 sunt
702 2927 879 2967 Critonis,
905 2925 1065 2961 dicentis
1091 2924 1242 2960 ‘Salvus
1264 2925 1315 2959 sit
1339 2923 1539 2959 Chremes’.
1566 2922 1657 2957 Vide
1682 2921 1776 2956 infra
1801 2919 1887 2954 adn.

136 2986 157 3009 8
234 3004 242 3012 .
266 2990 297 3013 V.

178 3029 202 3072 2)
227 3029 305 3065 Nos
329 3034 436 3075 ‘geen
456 3044 543 3067 man
569 3045 640 3068 van
667 3035 738 3068 eer’
764 3033 808 3067 cf.
834 3030 1014 3077 Spengel.
