2242 3443
935 187 1019 225 305

99 309 176 347 244
257 310 281 346 2
310 310 506 354 quantum
535 307 649 343 video
678 307 773 342 nihil
803 317 823 342 e
852 307 1128 351 superioribus
1158 309 1377 352 repetitum
1412 308 1527 344 aliam
1552 310 1723 345 auxesin
1752 312 1856 345 recte

203 372 392 408 indicavit
420 380 514 406 mox
544 369 641 404 Don.
672 368 758 404 246.
792 370 833 413 13
864 370 1070 404 sententia
1100 370 1146 404 de
1176 369 1351 412 Vergilio
1379 370 1481 405 satis
1512 379 1626 413 vaga.

98 433 171 469 247
259 434 277 468 1
312 434 409 468 Eun.
440 432 529 468 341.
563 430 597 474 2,
628 429 716 465 363.
749 429 843 464 Hec.
876 430 964 467 272.
1049 429 1071 465 3
1101 430 1145 465 cf.
1177 430 1266 466 630.
1300 431 1333 465 1.

97 491 175 527 249
258 492 280 528 3
309 492 355 528 cf.
385 492 475 527 adn.
506 491 553 526 ad
583 491 659 525 An.
691 490 778 526 313.
813 490 844 525 1.

96 553 168 589 251
254 553 276 589 3
320 554 426 589 ‘nam
472 552 588 587 multi
629 561 830 587 memores
869 552 966 595 sqq.'
1007 552 1326 587 additamentum
1372 555 1624 596 suspectum,
1663 564 1686 589 a
1715 556 1858 590 Donati

205 614 520 658 breviloquentia
548 613 738 649 alienum.
824 612 847 648 5
876 612 920 648 cf.
952 622 1076 657 supra
1106 614 1153 648 ad
1184 613 1247 649 50.
1281 614 1313 648 1.

96 675 172 712 253
256 676 279 712 2
319 675 517 712 scholium
556 674 629 710 hoc
670 674 891 718 significat:
931 684 1051 718 quam
1091 675 1190 710 bene
1220 675 1337 710 efficit
1367 675 1494 717 syrus
1525 676 1569 710 ut
1599 676 1700 720 leno,
1731 677 1860 713 adhuc

201 737 450 783 fastidiosus,
488 746 595 772 nunc
633 746 684 772 ex
723 736 1002 781 desperatione
1030 736 1116 781 ipse
1145 736 1321 780 accipere
1351 738 1462 780 optet
1490 737 1632 780 viginti
1661 738 1792 774 minas
1821 741 1860 774 et

203 800 351 843 Syrum
394 798 596 834 abiturum
640 798 765 833 semel
808 797 1036 841 iterumque
1075 800 1247 834 revocet.
1285 797 1341 832 De
1379 799 1671 835 exclamatione
1708 800 1753 836 cf.
1783 802 1858 835 An.

201 860 288 897 289.
322 860 355 901 1,
386 859 480 895 Hec.
511 859 597 895 276.
632 859 664 903 1,
695 862 733 894 et
765 859 855 894 adn.
889 859 937 894 ad
967 861 1043 894 An.
1078 858 1163 894 157.
1250 860 1268 895 1
1301 860 1440 894 contra
1469 859 1513 894 D.
1543 859 1579 896 2.

94 921 172 957 254
254 922 273 957 1
318 931 341 955 α
382 921 701 956 additamentum
745 920 994 956 rhetoricum
1037 930 1107 964 per
1149 929 1261 955 nam
1308 921 1355 954 ad
1395 920 1540 955 Donati
1579 920 1778 956 scholium
1814 922 1861 956 de

201 991 370 1018 scaenae
400 983 656 1026 argumento.
742 981 764 1017 3
795 981 841 1016 cf.
871 981 965 1017 Hec.
997 981 1085 1017 555.
1118 981 1153 1017 3.

95 1043 172 1079 256
256 1043 274 1078 1
307 1053 331 1078 α
358 1043 588 1087 exemplum
616 1042 800 1087 ineptum
830 1042 976 1078 merito
1006 1042 1163 1078 notavit
1188 1038 1357 1078 Wessn.
1382 1051 1473 1076 cum
1498 1052 1548 1077 ex
1573 1042 1671 1086 ipsis
1698 1043 1859 1078 Terenti

201 1104 345 1140 fabulis
373 1104 558 1148 exempla
588 1104 803 1148 aptissima
831 1104 945 1139 citari
974 1104 1195 1148 potuerint,
1227 1113 1328 1147 quae
1357 1103 1446 1138 vide
1474 1104 1577 1147 apud
1603 1104 1859 1148 interpretes

203 1166 226 1202 2
261 1166 308 1202 cf.
337 1168 412 1202 An.
444 1165 531 1201 234.
563 1165 598 1210 2,
629 1165 717 1201 499.
751 1166 783 1210 1,
814 1164 903 1201 853.
937 1165 960 1201 2
989 1167 1106 1209 (quod
1140 1165 1297 1200 Donato
1328 1164 1554 1207 relinquere
1586 1165 1728 1207 debui).
1760 1166 1858 1201 Eun.

202 1227 289 1264 555.
319 1228 356 1263 4.
441 1227 463 1263 3
493 1227 586 1271 quid
617 1227 691 1262 hoc
720 1228 813 1263 est?
845 1227 882 1262 cf
923 1227 1021 1262 Don.
1054 1227 1140 1263 257.
1170 1226 1205 1262 2.
1290 1227 1314 1261 4
1343 1237 1366 1261 α
1395 1226 1488 1262 --2
1516 1226 1646 1262 initio.

95 1288 168 1325 257
256 1290 275 1325 1
307 1289 509 1334 pessimae
538 1288 755 1324 latinitatis
785 1298 807 1323 a
835 1288 991 1324 Donato
1022 1288 1186 1324 alienae.

93 1349 170 1386 259
252 1351 275 1387 2
313 1362 337 1386 α
376 1351 518 1386 merito
558 1351 716 1387 notavit
761 1351 937 1395 Wessn.,
975 1351 1128 1386 etenim
1158 1351 1354 1394 Donatus,
1385 1350 1451 1392 qui
1480 1349 1575 1393 legit
1605 1350 1858 1385 hominem

201 1413 455 1449 nerninem
495 1413 634 1454 (schol.
665 1412 715 1458 3),
746 1422 826 1448 non
856 1412 1053 1448 homini
1082 1412 1293 1456 nemini,
1324 1413 1368 1446 ut
1394 1411 1515 1455 vulgo
1536 1412 1620 1453 (sed
1637 1415 1860 1456 perperam)

200 1473 316 1509 hodie
342 1475 530 1519 editoreS,
554 1475 785 1511 necessario
810 1475 903 1518 post
921 1474 1111 1509 ‘fratrem’
1128 1473 1457 1516 subdistinguere
1473 1472 1630 1517 debuit;
1646 1473 1864 1509 scholiasta

201 1539 268 1570 τοῦ
299 1537 383 1571 sed
413 1546 504 1580 ego
535 1537 658 1580 puto
689 1535 1156 1577 hariolatur¹)Oeterum
1175 1536 1221 1570 ad
1238 1534 1438 1570 Don.2cf.
1456 1543 1550 1569 mox
1568 1534 1654 1570 270.
1670 1535 1704 1578 3,
1723 1534 1860 1571 281.3.

203 1596 225 1633 3
255 1607 279 1632 α
308 1598 511 1641 pueriliter
539 1597 730 1643 additum,
761 1598 806 1633 cf.
836 1598 936 1633 Eun.
967 1597 1054 1633 549.
1086 1596 1120 1640 3,
1149 1597 1254 1631 unde
1279 1596 1317 1630 h.
1336 1596 1360 1631 l.
1385 1598 1643 1639 assumptum
1671 1598 1715 1631 ut
1740 1597 1858 1632 etiam

205 1659 251 1693 ad
295 1660 369 1695 An.
409 1660 498 1696 506.
531 1660 566 1703 2,
598 1659 686 1695 dein
716 1660 820 1695 idem
850 1659 1067 1694 scholiasta
1097 1658 1284 1702 repetivit
1312 1658 1471 1693 initium
1502 1657 1786 1703 Donatianum,
1813 1659 1860 1693 de

201 1721 384 1756 veterum
426 1720 731 1765 consuetudine,
760 1720 833 1756 hoc
858 1729 1048 1756 asserens
1077 1729 1149 1763 per
1178 1719 1235 1754 ‘ut
1265 1719 1466 1761 diximus’‚
1492 1719 1538 1753 de
1566 1729 1643 1762 qua
1673 1719 1857 1763 magistri

201 1781 373 1818 formula
411 1782 499 1817 vide
537 1791 638 1825 quae
673 1781 814 1826 scripsi
853 1783 893 1817 et
931 1781 1115 1825 exempla
1154 1789 1256 1824 quae
1296 1779 1435 1823 collegi
1468 1780 1545 1817 Mn.
1575 1779 1636 1816 35.
1666 1780 1741 1816 409
1771 1790 1855 1824 sqq.

200 1844 345 1884 (=lib.
372 1854 424 1880 m.
454 1854 490 1888 p.
523 1843 624 1886 158).

95 1903 172 1941 260
253 1905 277 1940 4
319 1907 395 1940 An.
436 1905 522 1942 580.
565 1906 598 1943 1,
638 1905 726 1941 855.
765 1905 800 1942 2.
891 1905 913 1940 7
946 1904 1063 1939 ‘hem'
1094 1903 1139 1939 cf.
1169 1903 1257 1940 266.
1291 1904 1310 1938 1
1341 1904 1380 1939 et
1409 1902 1481 1938 loci
1511 1903 1621 1938 citati
1653 1903 1690 1938 in
1721 1905 1855 1939 adnot.

202 1968 249 2002 ad
277 1967 353 2002 An.
387 1967 470 2003 184.
502 1969 521 2004 1
552 1966 726 2009 otiosum
757 1967 874 2002 iuxta
902 1966 1001 2002 Don.
1032 1966 1065 2002 2.
1153 1965 1215 2002 5a
1245 1965 1401 2001 notavit
1431 1964 1592 2000 Wessn.

95 2028 170 2064 261
254 2028 278 2064 5
305 2028 490 2072 ineptum
518 2028 635 2064 iuxta
664 2029 763 2064 Don.
793 2028 828 2073 3,
859 2029 905 2063 de
935 2028 1159 2063 non-sed
1188 2028 1236 2063 ad
1267 2027 1327 2062 74.
1362 2029 1394 2063 1.

95 2090 171 2126 262
255 2090 277 2126 3
307 2090 355 2126 ad
385 2090 486 2125 Eun.
516 2090 605 2127 208.

95 2151 171 2187 263
256 2152 275 2187 1
295 2162 316 2184 α
344 2151 665 2187 additamentum
696 2161 765 2196 per
789 2161 899 2187 nam
927 2151 1092 2187 minime
1116 2151 1285 2186 iustum.
1368 2149 1429 2186 3a
1454 2149 1684 2193 exemplum
1710 2149 1855 2184 falsum

201 2212 360 2248 notavit
388 2213 551 2248 Wessn.

95 2273 173 2310 264
254 2274 276 2310 3
306 2274 408 2309 Eun.
440 2274 527 2311 231.
561 2275 595 2310 1.

94 2335 172 2372 265
253 2335 416 2389 4iuxta
440 2335 539 2370 Don.
566 2336 588 2372 5
613 2342 648 2371 et
679 2336 701 2372 3
729 2336 789 2376 (de
806 2334 1151 2379 gesticulationem
1169 2336 1206 2369 in
1226 2334 1391 2378 5‘spem
1408 2333 1625 2368 mortuam’
1642 2332 1857 2375 respondet

202 2396 249 2442 ei,
280 2398 383 2440 quod
414 2399 476 2432 est
502 2397 543 2432 in
573 2396 596 2433 3
628 2397 844 2441 ‘sperantis
873 2396 1057 2432 lenonis'.

94 2458 171 2494 266
257 2458 275 2493 1
306 2457 352 2493 cf.
384 2458 471 2494 260.
503 2458 538 2494 7.
623 2458 685 2494 2α
714 2458 872 2494 notavit
900 2457 1064 2493 Wessn.
1148 2457 1170 2494 3
1201 2457 1246 2493 cf.
1278 2456 1366 2492 901.
1399 2457 1432 2492 1.

93 2519 168 2555 267
255 2521 272 2556 1
305 2519 349 2554 cf.
383 2519 456 2555 185
484 2520 524 2555 et
554 2519 642 2555 220.
672 2519 706 2556 2.
787 2519 809 2556 3
836 2516 928 2555 Hec.
956 2518 1044 2555 250.
1074 2520 1092 2555 1
1120 2518 1218 2554 Eun.
1247 2518 1388 2554 930.1.
1472 2515 1707 2552 2dubitatio
1724 2515 1856 2551 otiosa

202 2590 272 2624 per
300 2589 382 2624 an;
413 2581 501 2616 vide
530 2582 620 2616 adn.
653 2581 700 2616 ad
731 2581 806 2616 An.
842 2580 928 2617 132.
959 2580 995 2616 2.

95 2642 172 2678 269
254 2641 278 2678 2
315 2641 364 2678 cf.
402 2642 503 2678 Eun.
542 2642 629 2678 794.
674 2644 706 2680 1.
794 2642 816 2678 3
847 2642 1095 2686 periphrasis
1127 2651 1195 2686 per
1225 2651 1350 2685 nam,
1380 2640 1499 2675 nimis
1530 2640 1631 2674 mira
1660 2639 1697 2673 in
1726 2639 1855 2682 primo

202 2704 396 2747 membro,
426 2703 465 2738 in
496 2703 623 2738 altero
652 2715 703 2737 =
733 2702 833 2739 Don.
864 2704 899 2740 2.

97 2764 174 2800 270
254 2764 276 2800 3
307 2764 353 2802 cf.
382 2764 471 2801 259.
502 2765 536 2809 2,
568 2764 656 2801 281.
687 2764 709 2800 3
794 2764 817 2800 5
843 2764 889 2800 ci.
920 2765 995 2799 An.
1027 2763 1115 2800 655.
1146 2764 1182 2800 3.
1216 2764 1234 2799 1
1266 2764 1407 2798 contra
1436 2762 1536 2797 Don.
1569 2761 1604 2796 2.
1680 2760 1703 2794 4
1737 2760 1855 2794 inter-

202 2827 374 2870 pretatio
407 2836 543 2871 prava,
573 2827 620 2862 cf.
650 2826 798 2861 Kauer.

95 2887 171 2923 272
256 2888 275 2923 1
316 2887 447 2923 ‘dolet'
486 2897 576 2923 cum
620 2887 754 2923 dativo
783 2886 973 2930 frequens
1003 2887 1066 2921 est
1094 2886 1132 2921 in
1164 2886 1227 2921 his
1258 2883 1486 2928 comoediiS,
1515 2892 1549 2918 e.
1579 2892 1615 2926 g.
1648 2881 1735 2926 451,
1767 2880 1854 2926 682,

146 3085 170 3130 ¹)
196 3086 294 3121 Olim
318 3086 356 3120 in
381 3085 468 3120 Mm.
493 3085 548 3120 35.
572 3085 631 3120 431
663 3097 720 3130 sq.
744 3097 819 3120 non
845 3087 944 3120 recte
967 3084 1014 3119 de
1039 3085 1109 3120 hoc
1134 3084 1278 3119 scholio
1304 3082 1480 3118 iudicavi.

135 3152 298 3177 masur«.
315 3143 403 3173 Com.
422 3144 503 3173 Don.
1695 3140 1745 3167 20*
