2242 3443
5 3190 16 3443 wan-‘—
2 2855 12 3186 .Ε---ν.--ιι-------.ἡ
5 2546 11 2848 ——.--..--——-.-.
5 2434 9 2531 ....—-..
6 2388 9 2430 a...

943 251 1026 289 :255

98 374 175 411 449
259 374 277 408 1
308 374 355 408 de
383 374 531 409 scholio
563 384 727 418 prorsus
757 373 856 409 falso
884 373 971 408 vide
996 383 1098 416 quae
1125 372 1328 417 disputavi
1356 382 1482 417 nuper
1506 374 1582 409 Mn.
1611 374 1658 410 39
1686 378 1721 416 (a
1749 375 1862 417 1911)

208 445 243 479 p.
277 435 349 471 174
379 445 464 478 sqq.

100 496 177 533 453
260 506 284 531 a
314 499 549 541 promptum
579 507 628 533 ex
658 497 746 533 437.
829 496 907 532 455
937 496 958 531 3
988 496 1104 531 iuxta
1134 495 1231 530 Don.
1265 495 1288 531 2
1317 497 1357 531 et
1386 496 1422 530 4.

100 558 178 594 456
260 558 283 593 2
309 558 468 593 iuttilia.
551 558 626 594 457
660 558 683 593 2
712 557 757 592 cf.
791 557 936 601 Speng.
1025 557 1042 591 1
1075 557 1162 592 vide
1193 556 1314 600 praef.
1346 566 1380 600 p.
1412 567 1481 591 XIV
1512 567 1568 601 sq.

101 619 178 655 458
261 619 284 655 2
312 619 359 655 01.
389 620 534 664 Speng.
565 621 612 655 ad
644 620 679 654 h.
712 620 735 654 l.
819 620 896 655 459
934 619 951 653 1
982 619 1060 656 Mn.
1090 618 1137 654 39
1169 619 1215 658 (a.
1251 618 1363 660 1911)
1393 628 1429 662 p.
1462 618 1546 654 157.

101 681 178 718 460
261 681 283 716 3
312 682 426 717 iuxta
454 682 553 719 Don.
584 682 618 717 2.
701 682 765 716 4α
794 682 951 716 notavit
982 680 1142 716 Wessn.
1177 678 1223 715 01.
1256 680 1340 716 179.
1374 680 1408 715 2.
1441 680 1528 718 775.
1563 681 1594 715 1.

100 744 175 779 461
261 743 283 778 3
311 743 426 779 iuxta
452 743 496 778 D.
531 746 561 780 1.
593 744 668 778 Mn.
701 743 763 778 32.
797 743 886 778 245.

101 804 177 840 462
260 804 282 840 3
312 805 358 842 01.
388 806 436 840 ad
468 805 552 841 184.
639 805 657 840 1
690 806 757 839 vix
786 814 942 839 verum.

103 865 180 902 465
263 866 295 901 1.
331 866 354 901 2
382 866 427 901 cf.
460 868 519 902 Ad
549 867 636 902 324.
665 867 701 911 4,
732 866 831 901 Eun.
863 866 923 909 54,
952 865 1047 900 Pho.
1080 865 1167 901 208.
1196 866 1233 910 4,
1263 866 1352 902 419.
1386 868 1418 902 1.

261 928 284 963 2
321 928 397 962 Mn.
438 928 499 966 32.
540 928 626 966 224.
711 928 775 964 3α
812 928 860 963 ad
888 927 980 972 271;
1013 928 1144 963 denuo
1174 927 1371 963 scholium
1401 928 1449 962 ad
1479 928 1710 972 exemplum
1739 938 1761 962 a
1790 928 1864 963 Do-

209 990 304 1025 nato
333 989 549 1033 prolatum.
579 990 745 1025 Notavit
775 989 936 1025 Wessn.
1019 989 1042 1023 4
1072 990 1189 1024 iuxta
1218 990 1319 1025 Don.
1353 991 1387 1025 1.

103 1050 180 1087 470
263 1051 286 1086 2
315 1052 355 1086 01
384 1051 406 1087 5
435 1052 549 1086 iuxta
578 1051 676 1087 Don.
706 1051 729 1087 3
759 1053 798 1087 et
827 1051 864 1096 4,
893 1061 984 1086 cum
1015 1051 1202 1095 exemplo
1233 1051 1430 1087 Ciceronis
1462 1051 1565 1093 quod
1596 1050 1692 1085 nihil
1721 1052 1767 1086 ad
1785 1060 1868 1086 rem

206 1111 298 1148 facit
325 1114 365 1148 et
395 1113 596 1148 omittitur
624 1114 662 1148 in
694 1113 717 1148 2
741 1113 790 1156 id,
820 1122 899 1156 quo
930 1113 1106 1148 maxime
1136 1112 1276 1148 bestiis
1307 1113 1578 1156 praestamus,
1606 1112 1870 1157 ratiocinatio,

207 1174 251 1209 01.
290 1174 327 1210 4.
366 1174 485 1210 Ratio
524 1174 758 1219 particulae,
797 1176 943 1219 ‘unde’,
981 1177 1026 1210 ut
1073 1175 1165 1210 alibi
1201 1178 1268 1208 τοῦ
1298 1174 1414 1217 ‘quia‘
1446 1173 1566 1209 ‘nam’
1602 1174 1691 1209 sim.
1722 1175 1760 1209 in
1796 1174 1869 1209 hoc

209 1235 426 1272 scholiasta
461 1246 581 1280 saepe
621 1236 731 1272 nulla
768 1237 843 1272 est.
881 1236 979 1272 Cum
1015 1236 1090 1271 1100
1125 1235 1278 1271 scholio
1311 1245 1502 1280 compara
1531 1234 1659 1270 simile
1688 1235 1868 1271 eiusdem

208 1298 254 1333 de
276 1299 450 1341 quatuor
478 1298 696 1334 virtutibus
727 1298 788 1334 30.
818 1297 852 1334 5.
883 1297 1094 1334 Conclusio
1124 1299 1170 1333 de
1204 1307 1301 1333 sene
1329 1297 1369 1332 in
1399 1297 1423 1333 5
1453 1297 1555 1333 satis
1580 1297 1764 1333 absurda.
1791 1298 1867 1333 Mn.

210 1359 260 1395 32
292 1359 379 1395 237.
409 1359 597 1396 Ceterum
621 1360 710 1396 vide
736 1359 857 1404 praef.
890 1369 927 1404 p.
958 1369 1017 1394 XII
1047 1360 1135 1395 adn.
1167 1361 1207 1395 et
1236 1368 1324 1394 xm.

106 1420 184 1458 473
267 1421 292 1456 4
320 1422 394 1457 Ad.
422 1422 508 1458 487.

264 1483 325 1519 2α
362 1485 560 1520 emblema
598 1484 755 1520 notavit
792 1483 953 1519 Wessn.
995 1483 1049 1519 De
1086 1483 1226 1518 nixis
1267 1483 1366 1517 diis
1405 1482 1450 1518 cf.
1491 1491 1569 1517 von
1606 1481 1787 1526 Basiner,
1821 1482 1869 1516 M.

211 1544 286 1580 Rh.
318 1545 417 1581 1905
447 1556 484 1590 p.
513 1545 588 1582 615
617 1556 701 1590 sqq.
731 1547 872 1582 contra
901 1545 1105 1580 Wissowa
1129 1544 1174 1580 R.
1201 1545 1245 1580 R.
1271 1555 1308 1589 p.
1334 1543 1410 1580 200
1434 1544 1523 1580 adn.
1550 1543 1584 1579 3.
1669 1543 1691 1579 5
1718 1543 1762 1579 01.
1780 1544 1868 1580 299.

212 1607 247 1652 1,
276 1607 397 1651 praef.
426 1617 461 1652 p.
492 1617 563 1644 XII.
592 1608 712 1652 Eugr.
742 1618 779 1652 p.
809 1607 873 1643 45.
903 1607 1178 1651 Gerstenberg
1207 1617 1243 1651 p.
1276 1605 1338 1642 39.

106 1667 184 1704 474
266 1668 290 1704 2
317 1669 420 1705 rhet.

101 1728 178 1766 476
263 1732 282 1766 1
326 1731 464 1766 Davus
500 1731 706 1767 nesciebat
750 1732 912 1775 partum
953 1730 1134 1774 proxime
1170 1730 1334 1765 instare.
1420 1730 1443 1765 2
1479 1738 1559 1764 non
1587 1729 1794 1774 intellego;
1824 1730 1870 1764 de

209 1791 348 1835 ‘quasi'
372 1793 418 1827 ad
445 1802 481 1828 v.
506 1793 566 1828 24.
652 1793 674 1828 3
699 1803 723 1828 α
748 1793 856 1828 Simo
881 1793 955 1827 hoc
981 1801 1061 1827 non
1085 1793 1275 1828 ostendit.
1358 1792 1382 1826 4
1403 1793 1543 1827 contra
1567 1791 1666 1827 Don.
1694 1791 1731 1836 3,
1757 1792 1870 1826 cuius

209 1854 340 1888 verbis
367 1854 514 1898 partim
544 1854 686 1890 utitur.
717 1854 816 1890 Vide
842 1854 927 1890 libr.
958 1863 990 1888 s.
1020 1854 1042 1888 l.
1072 1863 1109 1897 p.
1143 1854 1227 1897 173,
1258 1856 1299 1889 et
1328 1854 1452 1897 praef.
1480 1863 1516 1898 p.
1547 1863 1633 1889 XIII.

103 1914 180 1951 479
267 1917 283 1951 1
315 1915 360 1951 01.
392 1915 477 1958 669,
510 1916 544 1952 2.
575 1917 648 1951 Ad.
678 1916 765 1952 404.
794 1916 828 1952 2.
859 1916 935 1951 Mn.
966 1916 1027 1951 32.
1057 1915 1143 1951 224.
1253 1915 1331 1951 480
1363 1915 1406 1951 cf.
1436 1916 1484 1951 ad
1515 1915 1602 1950 446.
1633 1915 1720 1951 924.

103 1975 177 2012 481
265 1978 283 2013 1
317 1976 362 2012 cf.
392 1977 478 2013 228.
512 1979 544 2014 1.
629 1977 650 2013 3
680 1977 726 2013 01.
755 1977 843 2013 484.
877 1977 909 2012 1.
996 1979 1014 2013 1
1033 1987 1057 2012 α
1086 1977 1126 2013 Si
1154 1977 1242 2020 quis
1272 1977 1347 2012 hoc
1376 1977 1531 2013 Donato
1557 1977 1650 2012 dare
1674 1976 1769 2012 velit
1792 1985 1869 2010 non

210 2039 322 2074 valde
350 2039 515 2074 renitor.
599 2039 622 2075 3
639 2049 662 2074 α
691 2039 894 2074 conclusio
919 2039 1037 2074 nimis
1063 2047 1377 2083 supervacanea.

103 2098 180 2135 483
262 2109 286 2134 α
314 2100 521 2135 sententia
548 2102 738 2145 corrupta
765 2102 805 2136 et
835 2101 1006 2136 obscura
1034 2100 1232 2137 emblema
1260 2110 1352 2136 esse
1380 2100 1552 2136 videtur.

105 2159 180 2196 481
263 2160 287 2195 4
315 2160 379 2197 lib.
413 2171 444 2197 s.
474 2162 498 2200 l.
534 2172 571 2207 p.
605 2163 691 2200 173.
803 2163 879 2199 184
911 2164 929 2199 1
963 2161 1027 2198 Gr.
1059 2162 1147 2198 Lat.
1178 2172 1219 2197 1v
1251 2162 1336 2198 502.

104 2221 181 2257 486
265 2224 283 2258 1
316 2223 473 2259 Donato
503 2224 588 2259 dari
619 2225 759 2268 nequit
785 2225 903 2260 iuxta
931 2224 955 2258 4
986 2225 1026 2259 et
1056 2224 1091 2260 5.
1203 2224 1266 2259 5a
1294 2224 1454 2259 notavit
1482 2223 1645 2259 Wessn.

107 2283 180 2319 487
268 2285 286 2320 1
327 2285 472 2320 similia
505 2285 614 2320 Serv.
654 2287 701 2321 ad
731 2287 832 2321 Aen.
862 2286 896 2321 7.
931 2285 1014 2321 187.
1044 2285 1200 2321 Nonius
1231 2285 1317 2321 393.
1350 2285 1418 2320 20:
1451 2285 1707 2329 ‘superstites
1737 2285 1872 2319 dicun-

213 2345 295 2389 tur,
331 2346 396 2389 qui
435 2346 643 2391 supersint
680 2347 875 2390 mortuis;
915 2347 1160 2391 superstites
1198 2349 1356 2382 veteres
1394 2347 1598 2391 ponebant
1625 2345 1873 2381 incolumes'.

217 2409 321 2449 (cum
350 2408 388 2443 h.
418 2407 442 2443 1.
471 2408 542 2451 Τ.).
628 2409 652 2444 2
680 2409 795 2444 iuxta
813 2409 856 2444 D.
886 2408 922 2444 3.

111 2467 188 2503 489
269 2468 291 2504 3
321 2470 441 2504 nimis
472 2470 650 2506 otiosum
678 2471 795 2506 iuxta
823 2471 867 2505 D.
899 2470 940 2514 2;
973 2469 1220 2505 ‘subaudias’
1252 2470 1298 2506 01.
1328 2471 1389 2508 ad.
1420 2480 1456 2507 v.
1485 2470 1544 2506 57.

111 2527 189 2565 490
272 2532 291 2567 1
322 2531 395 2566 Ad.
426 2531 512 2567 608.
542 2532 578 2567 4.
681 2533 704 2568 5
733 2533 852 2576 Eugr.
883 2542 921 2576 p.
951 2532 1012 2567 47.
1043 2531 1163 2567 Prisc.
1194 2532 1233 2567 Π
1267 2531 1343 2568 230
1368 2541 1427 2575 sq.
1525 2531 1587 2566 6a
1616 2531 1730 2566 iuxta
1760 2529 1802 2564 D.
1834 2529 1869 2564 5.

112 2589 186 2626 491
272 2594 290 2628 1
322 2593 423 2628 rhet.
455 2594 500 2629 ut
529 2594 616 2630 492.
650 2594 686 2630 3.
767 2594 844 2631 492
874 2594 897 2630 2
922 2604 946 2629 α
974 2594 1133 2629 notavit
1162 2594 1325 2629 Wessn.

112 2650 189 2688 494
272 2655 326 2689 la
359 2664 482 2698 supra
510 2657 558 2691 ad
587 2656 674 2692 313.
758 2656 782 2690 4
812 2657 1041 2691 obscurum.

113 2711 189 2749 496
272 2715 295 2750 2
324 2716 534 2751 discrImen
564 2727 643 2752 non
674 2717 778 2753 cadit
804 2718 843 2752 in
877 2717 983 2752 hunc
1010 2717 1154 2761 locum,
1186 2717 1252 2752 ubi
1280 2717 1367 2760 ipse
1398 2726 1540 2752 servus
1568 2715 1733 2758 rogatur
1761 2713 1870 2747 ‘num

219 2776 428 2813 veritu’s‘?’
468 2779 544 2813 Mn.
583 2779 645 2814 32.
684 2779 771 2815 217.
856 2779 877 2814 3
919 2779 1117 2814 emblema
1154 2778 1207 2820 (in
1247 2777 1398 2813 scholio
1423 2777 1571 2821 spurio,
1596 2778 1640 2810 ut
1668 2775 1754 2818 521,
1785 2774 1871 2815 697)

217 2839 374 2874 notavit
399 2839 560 2874 Wessn.
661 2840 683 2876 5
713 2840 816 2876 satis
847 2840 1008 2875 mirum.

115 2896 191 2933 499
273 2899 295 2935 3
323 2900 369 2935 01.
399 2900 485 2936 508.
520 2902 554 2937 2.
639 2901 715 2937 502
745 2913 768 2936 α
797 2911 920 2946 supra
948 2902 996 2936 ad
1025 2901 1086 2937 49.
1172 2901 1195 2936 2
1226 2900 1385 2935 falsum.
1468 2899 1544 2935 504
1569 2900 1587 2934 1
1614 2898 1703 2932 vide
1719 2897 1764 2931 ad
1786 2896 1870 2932 199.

115 2958 189 2995 505
272 2960 294 2996 3
323 2964 528 3006 postrema
560 2963 702 2998 verba:
732 2964 863 3007 ‘quam
893 2964 932 3004 (i.
961 2973 994 2999 e.
1026 2963 1175 3007 ‘potius
1206 2962 1338 3005 quam'
1369 2961 1415 2997 01.
1442 2961 1503 2996 35.
1533 2960 1619 2995 484.
1649 2958 1737 2998 439)
1761 2957 1871 2992 false'

218 3024 314 3057 cett.
341 3023 513 3060 fortasse
541 3034 564 3059 a
592 3024 748 3060 Donato
777 3025 1006 3068 abroganda
1034 3025 1144 3067 sunt,
1173 3024 1320 3066 quippe
1350 3022 1462 3057 valde
1492 3022 1634 3056 otiosa.
1718 3019 1740 3053 3
1758 3028 1779 3052 α
1804 3028 1872 3054 no-

159 3085 162 3088 ’
221 3083 324 3119 tavit
351 3085 513 3120 Wessn.

118 3142 190 3178 507
280 3146 298 3181 1
329 3146 376 3183 01.
405 3146 494 3183 508.
527 3147 563 3182 2.
