2242 3443
352 722 425 758 817

353 1101 430 1137 818

355 1635 433 1672 819

355 1711 432 1748 820

357 2092 432 2129 821

353 2369 430 2405 828

357 2872 434 2908 824

1199 179 1285 218 210

1191 402 1290 492 V

1223 584 1260 620 1.

554 718 569 755 l
608 726 767 755 patrem
801 727 1014 756 scsstasu
1049 728 1199 757 macula
1235 728 1456 757 PERPLEXE
1490 728 1617 763 Loom
1654 728 1766 757 nunc
1794 719 1970 758 demum
2005 719 2125 768 virgo

503 794 657 832 vitiata
689 803 787 832 esse
820 794 1098 842 cognoscitur
1131 805 1156 833 a
1186 794 1366 843 Thaide,
1399 796 1659 843 opportune,
1688 797 1923 843 postquam
1950 805 2126 844 magno-

501 879 601 918 pere
629 870 673 908 et
699 868 880 908 defensa
908 871 976 908 est
1003 871 1047 908 et
1074 871 1270 918 retenta;
1299 880 1402 909 nam
1428 871 1582 909 statim
1609 872 1931 919 consequentur
1947 870 2128 921 nuptiae

501 944 595 984 eius
638 946 681 983 et
723 944 962 992 Chaereae,
1003 946 1075 995 qui
1120 946 1244 986 illam
1288 946 1477 985 vitiavit.
1523 947 1548 985 2
1592 956 1817 986 PERPLEXE
1860 957 1990 992 Loom
2032 946 2128 987 ideo

501 1020 749 1070 ‘perplexe',
782 1021 884 1070 quia
915 1023 1133 1061 statuerat
1167 1023 1324 1062 vitium
1358 1022 1499 1062 celare
1533 1023 1732 1071 virginis.

557 1098 577 1136 1
621 1106 713 1136 soro
746 1106 897 1137 Nascm
929 1109 973 1137 A.
1008 1109 1053 1137 A.
1089 1099 1198 1138 mire
1233 1109 1288 1138 ex
1321 1099 1451 1138 dictis
1483 1099 1686 1138 omnibus
1717 1109 1857 1149 pauca
1888 1108 2129 1148 excerpens

504 1173 547 1211 et
587 1172 797 1222 ostendit,
839 1173 942 1222 quid
979 1174 1140 1213 dixerit
1172 1175 1462 1223 perplexe,
1498 1176 1542 1214 et
1574 1176 1859 1214 stomachum
1888 1172 2129 1213 saevientis

499 1249 721 1298 expressit
747 1249 972 1290 dominae:
1000 1250 1118 1289 ‘scio'
1147 1250 1249 1290 flere
1278 1251 1488 1300 puellam,
1526 1247 1702 1290 ‘nescio'
1733 1251 1959 1300 vitiatam,
1991 1246 2128 1289 ‘abiit'

502 1325 748 1375 eunuchus,
802 1324 977 1365 ‘audivi’
1020 1326 1102 1366 hoc
1144 1327 1412 1377 admissum,
1458 1326 1552 1377 ‘ego
1595 1338 1681 1367 non
1723 1327 1858 1367 adfui’
1901 1327 1983 1366 hoc
2025 1335 2125 1366 eum

502 1402 638 1443 fleret.
683 1403 708 1442 2
750 1403 922 1442 AcrIter
964 1403 1179 1442 iratorum
1211 1405 1279 1443 est
1309 1406 1508 1453 repetere
1540 1414 1651 1453 quae
1683 1404 1884 1454 proxime
1917 1403 2128 1452 dixerint,

502 1475 966 1530 quibumirascuntur,
1001 1481 1049 1519 ut
1082 1480 1149 1520 ‘en
1180 1490 1260 1530 ego
1292 1481 1412 1520 victa
1444 1482 1535 1521 situ
1568 1492 1606 1520 v.
1643 1492 1679 1521 e.
1712 1482 1764 1521 s)
1797 1478 1923 1534 (Aen.
1958 1481 1998 1521 7.
2027 1481 2127 1530 452,

504 1555 556 1594 οἱ
591 1556 707 1600 440»

555 1641 643 1670 NON
670 1643 726 1670 TU
758 1642 881 1672 rs'ruc
914 1643 1030 1672 omar.
1065 1643 1151 1672 non
1184 1635 1252 1672 est
1290 1634 1396 1672 naec
1428 1634 1727 1682 interrogatio.

560 1709 579 1747 1
621 1718 751 1747 vmeo
785 1718 1015 1748 consc1SSA
1047 1719 1180 1748 VESTE
1213 1720 1250 1748 L.
1286 1719 1464 1749 omrem
1497 1711 1605 1749 haec
1637 1710 1789 1749 omnia
1820 1710 1966 1748 rixam
1997 1709 2126 1757 signi·

504 1781 705 1834 ficarent,
755 1785 842 1823 nisi
884 1785 1110 1824 obticeret.
1161 1786 1186 1824 2
1229 1785 1503 1825 Tacemus
1547 1786 1747 1835 consilia,
1792 1788 1840 1825 ut
1884 1785 1977 1825 ‘nec
2011 1784 2129 1825 tacui
2198 1824 2200 1831 ,

508 1861 703 1900 demens’
746 1863 827 1901 etc.
862 1863 982 1901 (Aen.
1019 1863 1059 1902 2.
1091 1863 1177 1911 94),
1216 1864 1531 1903 reticemus
1563 1863 1758 1911 dolores,
1792 1864 1841 1901 ut
1875 1860 1942 1900 'ne
1973 1861 2125 1909 retice,
2203 1900 2207 1922 3

505 1946 560 1975 ne
592 1933 759 1976 verere'
792 1937 966 1979 (Heaut.
1000 1939 1085 1988 85),
1115 1939 1427 1978 obticemus
1454 1949 1640 1988 quorum
1669 1939 1821 1988 pudet,
1851 1939 1900 1977 ut
1926 1937 1970 1976 in
1997 1936 2128 1976 Phor·

504 2012 651 2052 mione
682 2012 816 2063 ‘hem,
850 2015 951 2062 quid
984 2024 1099 2054 nunc
1131 2015 1340 2054 obtices?’
1369 2019 1425 2061 (v.
1461 2016 1576 2061 991).
2195 2061 2203 2077 ἃ

563 2089 586 2126 2
621 2096 742 2134 QUAM
770 2100 821 2128 OB
849 2100 939 2128 REM
966 2100 1004 2136 Q.
1032 2101 1070 2130 F.
1099 2102 1137 2130 Ε.
1167 2102 1301 2131 mons
1327 2092 1435 2131 haec
1462 2090 1661 2130 ἀσύνδετα
1688 2091 1897 2130 instantis
1924 2090 2126 2129 dominae
2194 2115 2197 2142 ἶ

505 2164 674 2204 vultum
707 2165 995 2215 habitumque
1028 2167 1350 2208 demonstrant.

678 2241 695 2275 1
723 2249 942 2277 comnenus
971 2251 1080 2277 ABIIT
1109 2241 1201 2286 quia
1221 2243 1352 2279 nescit
1376 2252 1540 2279 causam
1556 2252 1639 2278 non
1657 2241 1787 2286 ‘fugit’
1803 2241 1905 2278 dixit
1919 2241 1990 2277 sed
2005 2239 2126 2277 ‘abiit’
2191 2226 2195 2258 i

619 2304 693 2330 nec
723 2294 925 2332 ‘Chaerea'
958 2296 1027 2331 sed
1059 2296 1313 2333 ‘eunuchus’.

558 2366 578 2404 1
625 2367 739 2412 [oms
781 2375 881 2404 Fun·
925 2368 1091 2413 IGITUR]
1116 2363 1142 2412 ι)
1188 2367 1295 2406 haec
1336 2368 1590 2407 cunctative
1632 2365 1958 2417 pronuntianda
1998 2367 2122 2416 sunt,
2190 2350 2192 2358 ’

496 2440 598 2489 quia
638 2442 713 2479 aut
744 2441 885 2479 invita
917 2441 1082 2481 indicat
1115 2444 1191 2482 aut
1218 2442 1390 2482 dubitat
1423 2443 1474 2482 de
1507 2444 1685 2482 nomine
1718 2442 1858 2492 ignoti
1889 2444 1965 2482 aut
1995 2441 2123 2490 trepi-

503 2517 579 2555 dat
615 2526 691 2565 per
735 2516 961 2566 timorem,
1008 2519 1056 2556 ut
1098 2528 1183 2557 non
1227 2519 1428 2558 videatur
1469 2518 1664 2560 adfuisse
1708 2518 1776 2558 vel
1817 2518 1974 2568 scisse,
2021 2526 2122 2557 cum

502 2590 645 2641 fieret,
690 2594 767 2631 aut
806 2591 1148 2643 <ostendat>,
1193 2604 1326 2643 quam
1359 2604 1445 2634 non
1474 2593 1660 2634 libenter
1693 2594 1810 2634 dicat
1841 2594 1935 2639 eius
1961 2603 2121 2633 nomen
2184 2622 2186 2634 2

504 2667 573 2706 cui
605 2668 824 2707 irascitur.

679 2742 701 2777 2
725 2740 747 2762 ³*
776 2741 852 2778 Sed
877 2751 951 2785 ego
976 2751 1152 2787 agnosco
1167 2744 1401 2780 ancillarum
1417 2745 1770 2788 consuetudinem,
1787 2744 1891 2789 quod
1907 2743 2122 2780 obliviosae

623 2797 720 2831 sunt
749 2796 1004 2832 dominarum
1022 2793 1062 2838 ²).

559 2868 584 2907 2
613 2877 705 2906 rszrn
732 2878 931 2907 EPHEBUS
955 2869 1039 2907 cito
1057 2871 1267 2920 ostendit,
1287 2881 1363 2910 cur
1378 2870 1556 2920 <sit>
1573 2871 1656 2910 iste
1674 2870 1901 2911 eunuchus
1918 2869 2120 2910 creditus.

404 3020 428 3063 ¹)
455 3019 606 3056 Lemma
633 3023 692 3056 est
715 3021 813 3061 ‘Iste.
838 3019 1028 3057 Chaerea:

401 3075 427 3116 ²)
455 3073 610 3118 Corrigo
636 3074 867 3110 ‘nominum'.
