2242 3443
260 202 435 230 HECYRA
1111 190 1191 228 158

260 322 335 356 358

259 703 334 738 354

261 1063 338 1099 855

285 1500 361 1535 356

279 1879 353 1916 357

276 2390 352 2427 358

274 2998 352 3035 359

467 318 485 354 1
536 327 711 355 SALVAN
762 325 1024 354 PHILUMENA
1072 325 1147 353 EST
1190 314 1274 352 cito
1319 313 1475 363 probat
1518 313 1749 362 Pamphilo
1794 324 1946 353 amare
1988 324 2036 353 se

407 403 578 439 nurum,
630 403 728 431 011111
780 394 878 440 post
926 390 1242 429 salutationem
1291 389 1402 428 nihil
1450 390 1572 438 prius
1621 400 1752 438 quam
1798 390 1850 429 de
1893 389 2037 430 salute

407 469 558 507 uxoris
592 470 688 507 eius
721 468 916 515 inquirit.
953 468 977 504 2
1012 477 1190 505 SALVAN
1220 476 1482 504 PHILUMENA
1509 476 1585 504 EST
1613 466 1724 505 mire
1752 466 1928 506 obviam
1957 466 2040 505 sibi

405 548 643 584 exeuntem
689 543 828 582 filium
864 543 973 582 nihil
1007 544 1123 582 aliud
1158 543 1243 581 nisi
1276 542 1327 581 de
1361 542 1624 581 Philumena
1656 543 1961 592 interrogavit,
1996 545 2044 582 ut

407 622 675 669 ostenderet,
711 622 807 659 eius
844 620 1046 659 morbum
1082 619 1165 658 sibi
1199 629 1329 658 curae
1363 629 1472 658 esse.

472 700 489 734 1
528 707 804 736 MELIUSCULA
838 707 913 735 EST
949 705 1102 734 verum
1137 698 1220 747 est,
1255 697 1472 743 quantum
1507 695 1560 733 ad
1596 695 1798 734 morbum
1838 695 2041 744 pertinet.

412 774 435 811 3
472 784 645 812 UTxNAM
682 783 804 812 ISTUC
836 783 909 811 ITA
944 783 988 811 nr
1016 782 1183 811 FAXINT
1212 771 1488 820 diligentiore
1517 770 1659 811 officio
1688 772 1878 820 loquitur
1905 773 1954 809 ut
1970 780 2045 810 rea

414 850 528 898 apud
563 848 701 888 filium
736 859 904 888 socrus.

580 924 604 960 2
641 919 915 959 *MELIUSOULA
957 933 1027 958 EST
1066 923 1140 958 hoc
1179 925 1219 958 et
1247 923 1295 958 ad
1328 923 1514 957 morbum
1546 924 1585 958 et
1615 923 1664 958 ad
1695 924 1891 958 eventum
1923 921 2042 967 parti-

529 978 681 1013 tudinis
711 987 853 1013 verum
883 980 968 1013 est:
998 978 1057 1013 ita-
1085 987 1164 1013 non
1196 978 1395 1012 mentitur
1425 976 1659 1021 Pamphilus
1690 977 1823 1013 matri.

473 1060 491 1096 1
540 1068 646 1106 Qun>
691 1068 746 1096 TU
791 1067 943 1096 101TUR
986 1068 1209 1096 LACRIMAS
1253 1058 1362 1096 mire
1396 1057 1576 1106 ‘igitur’,
1612 1067 1696 1105 quo
1730 1055 1974 1105 Significat:
2009 1055 2046 1094 31

410 1135 474 1172 ita
516 1144 585 1172 res
629 1136 710 1183 est,
754 1144 888 1182 quare
931 1144 1033 1183 ergo
1071 1136 1120 1173 tu
1152 1134 1296 1172 tristis
1330 1134 1409 1172 eS‘?
1444 1134 1468 1172 2
1502 1144 1637 1172 RECTE
1669 1143 1821 1172 MATER
1851 1133 1915 1172 sic
1946 1132 2046 1171 dici-

411 1220 524 1258 mus,
560 1221 659 1249 cum
692 1212 788 1249 sine
821 1211 983 1250 iniuria
1016 1212 1332 1259 interrogantis
1359 1212 1524 1259 aliquid
1552 1212 1807 1251 reticemus.
1835 1210 1862 1248 3
1890 1209 1944 1250 (a)
1972 1207 2047 1246 alii

411 1285 559 1325 ‘recte’
595 1287 659 1326 sic
694 1287 928 1336 accipiunt,
963 1290 1012 1326 ut
1045 1287 1313 1336 intellegant
1347 1288 1495 1326 nihil
1529 1290 1595 1326 est
1629 1287 1781 1326 mali.

603 1360 625 1397 3
665 1372 689 1396 a
726 1358 801 1397 *Et
838 1362 939 1398 bene
979 1362 1160 1398 additum
1195 1363 1364 1406 ‘mater’‚
1396 1366 1440 1398 ut
1470 1363 1616 1398 duritia
1643 1360 1877 1398 reticentiae
1905 1358 2049 1395 blando

548 1416 711 1452 nomine
738 1416 972 1453 molliretur.

497 1497 515 1533 1
568 1505 671 1540 Qum
719 1507 819 1535 EmT
867 1507 1062 1536 TUMULTI
1109 1497 1277 1545 antiqui
1319 1498 1385 1536 Sic
1427 1498 1759 1537 declinaverunt
1799 1493 2049 1540 tumulti,

430 1572 632 1620 senati,
677 1576 724 1610 ut
767 1573 1008 1611 Sallustius
1049 1572 1279 1623 (Oetil.53,
1304 1575 1341 1618 1)
1385 1573 1540 1613 ‘senati
1572 1574 1797 1613 decretum
1830 1570 1909 1611 fit’.
1942 1571 1967 1609 2
1999 1568 2053 1608 Et

424 1647 465 1686 τὸ
514 1647 595 1687 ((110
641 1650 763 1697 mihi,
808 1650 1024 1688 curiosius
1066 1650 1380 1698 interrogantis
1423 1653 1504 1699 est,
1549 1650 1768 1700 Vergilius
1810 1649 1912 1695 (Ecl.
1943 1647 2053 1691 3.1)

430 1724 513 1762 ‘dic
555 1724 679 1773 mihi,
722 1725 952 1773 Damoeta,
996 1726 1144 1764 cuium
1188 1728 1382 1775 pecus?’.
1417 1727 1441 1765 3
1475 1737 1616 1766 nonoa
1647 1737 1842 1766 REPENTE
1873 1734 2051 1765 INVASIT

428 1801 600 1849 proprie
632 1800 839 1850 ‘invasit’,
874 1803 976 1850 quia
1009 1802 1232 1851 ‘repente’.

489 1877 508 1914 1
540 1887 614 1915 ITA
641 1887 817 1916 FAGTUM
843 1887 920 1916 EST
950 1879 1086 1917 moris
1114 1882 1182 1918 est
1209 1880 1418 1918 assentiri
1445 1880 1497 1919 ad
1522 1880 1638 1919 dicta
1666 1879 2049 1929 interrogantium,

426 1953 498 2000 qui
542 1962 652 2000 quae
699 1964 801 1992 vera
832 1956 937 1993 sunt
969 1954 1126 1994 celant.
1162 1956 1187 1994 3
1222 1966 1296 1994 ITA
1328 1967 1466 1995 AIUNT
1498 1957 1541 1995 in
1573 1957 1656 1996 hac
1687 1959 1783 1996 tota
1812 1957 2048 2004 interroga·

425 2029 542 2067 tione
571 2031 614 2067 et
641 2031 925 2079 responsione
955 2030 1148 2070 colorem
1177 2032 1353 2071 induxit
1375 2034 1596 2072 secretum
1616 2043 1746 2082 aegre
1763 2032 2053 2082 obiurgantis.

425 2106 450 2143 4
495 2115 569 2143 ITA
606 2116 743 2155 Arum
777 2106 980 2155 religiose
1014 2108 1293 2147 mendacium
1328 2109 1380 2148 ad
1413 2120 1637 2149 rumorem
1668 2109 1863 2149 rettulit:
1898 2108 2049 2148 ‘aiunt’

425 2180 577 2228 inquit,
613 2192 664 2220 ne
698 2183 790 2231 ipse
823 2182 986 2221 falsum
1020 2184 1162 2224 dicere
1195 2185 1428 2225 videretur.

599 2255 622 2291 2
650 2266 716 2291 1TA
746 2266 871 2292 AIUNT
897 2258 997 2294 bene
1023 2258 1110 2294 aliis
1137 2259 1367 2306 adscripsit,
1391 2259 1426 2296 si
1449 2259 1596 2296 falsum
1621 2261 1689 2307 sit,
1714 2262 1760 2297 ut
1782 2260 1882 2306 ipsis
1907 2261 2050 2297 adscri-

545 2310 662 2345 batur
691 2311 958 2347 mendacium.

487 2390 505 2427 1
539 2399 551 2427 1
579 2399 710 2428 sonES
737 2401 865 2429 [NTRo
892 2391 1204 2441 <veretur>,
1236 2403 1289 2432 ne
1316 2395 1588 2443 ingrediatur
1616 2397 1758 2434 mater
1785 2395 1838 2434 ad
1859 2405 2048 2445 3000103,

424 2467 467 2503 et
493 2465 588 2504 ideo
618 2465 644 2504 ‘i
671 2467 816 2505 sodes'
846 2467 950 2506 dicit
979 2468 1136 2517 ‘intro’,
1167 2470 1191 2508 2
1220 2472 1263 2508 et
1289 2473 1468 2519 apparet
1497 2471 1640 2511 ‘intro’
1668 2472 1886 2511 dicentem
1914 2482 2046 2511 manu

424 2550 630 2590 annuere,
675 2544 723 2580 ut
769 2543 950 2581 domum
996 2545 1159 2594 redeat,
1205 2549 1248 2584 et
1289 2547 1424 2585 simul
1457 2558 1544 2595 quo
1576 2548 1719 2596 magis
1751 2548 1897 2596 faciat,
1932 2548 2052 2587 addit

423 2627 619 2656 causam.
651 2619 675 2656 3
705 2628 960 2664 CONSEQUAR
986 2631 1069 2659 IAM
1096 2632 1148 2660 TE
1177 2633 1269 2662 MEA
1296 2633 1446 2662 MATER
1473 2624 1634 2663 adiecit
1657 2625 1699 2663 et
1721 2626 1897 2677 tempus
1915 2624 2046 2664 ‘iam'.

423 2694 449 2730 4
483 2703 575 2731 MEA
606 2693 776 2742 <M.>
809 2697 1057 2734 necessario
1090 2698 1287 2738 additum
1324 2699 1438 2738 ‘mea
1471 2701 1630 2739 mater’
1664 2703 1709 2739 et
1741 2699 1913 2750 (30(103’,
1946 2701 2047 2748 quia

424 2767 450 2806 (1
492 2768 621 2808 intro‘
664 2770 823 2809 durum
866 2774 948 2810 est.
994 2774 1018 2810 5
1061 2783 1162 2812 FIAT
1204 2775 1357 2813 abiens
1399 2772 1512 2815 dixit
1553 2776 1634 2814 hoc
1666 2778 1810 2815 mater
1841 2775 1957 2827 ‘fiat’,
1991 2787 2045 2816 ne

423 2844 602 2883 omnino
644 2846 780 2883 iussis
822 2846 977 2886 alienis
1019 2858 1170 2896 parere
1212 2850 1427 2900 videatur,
1466 2852 1569 2899 quia
1601 2852 1664 2890 310
1696 2852 1970 2901 imperamus
2001 2854 2045 2892 et

422 2929 515 2968 nos,
549 2930 659 2967 quae
692 2921 774 2969 ipsi
808 2922 966 2961 facturi
1001 2933 1170 2964 sumus.

487 2998 505 3033 1
551 3005 607 3034 TU
649 3006 804 3035 PUERIS
843 3008 983 3037 CURRE
1025 3010 1062 3039 P.
1105 3001 1343 3049 probabilis
1378 3013 1528 3052 causa,
1571 3013 1658 3051 qua
1700 3003 1876 3053 ablegat
1908 3004 2041 3043 etiam

421 3070 759 3122 Parmenonem,
793 3073 898 3113 dum
929 3074 1051 3114 iubet
1083 3086 1184 3115 eum
1217 3079 1364 3126 pueris
1392 3088 1632 3129 occurrere,
1660 3081 1704 3118 et
1729 3079 1864 3119 simul
1891 3081 2044 3120 notan-
