2242 3443
346 217 536 246 Pnnnmo
1186 207 1272 246 336

446 333 607 368 scholiis
646 332 895 368 certantibus
933 333 980 367 ad
1021 333 1048 367 Β
1078 333 1253 368 dandum
1282 343 1373 369 esse
1404 333 1438 377 7,
1469 333 1555 369 aliis
1586 333 1846 378 relinquenda
1876 342 1968 370 esse
2007 331 2044 378 4,
2074 328 2111 379 5,

451 396 494 438 65.
525 396 572 431 ad
604 393 691 431 368.
722 393 746 431 3
775 394 821 430 cs.
852 404 976 439 supra
1005 393 1066 430 95.
1099 393 1134 430 2.
1166 395 1199 429 A
1231 394 1269 429 h.
1300 395 1324 430 l.
1355 395 1518 431 scholiis
1550 397 1677 431 vacat.

342 459 420 494 370
502 459 525 494 2
573 457 667 493 Hec.
712 456 801 493 537.
839 458 874 492 2.
968 457 1042 493 371
1088 457 1121 492 Α
1161 457 1185 492 2
1223 458 1363 492 contra
1400 457 1498 493 Don.
1533 460 1567 502 1,
1601 458 1666 492 ubi
1695 457 1975 494 vehementior
2003 457 2112 493 verbi

450 520 689 564 significatio
721 519 903 564 pellucet.
1012 519 1043 554 B
1074 519 1096 555 3
1127 519 1174 554 cf.
1204 520 1276 554 Ad.
1307 519 1396 555 664.

343 583 420 620 372
504 584 538 618 Α
567 582 592 619 2
620 592 670 618 ex
702 581 799 617 Don.
830 582 873 617 Β.
907 581 931 617 2
1026 582 1060 616 A
1090 581 1113 617 3
1143 581 1189 618 cf.
1220 582 1292 616 Ad.
1326 580 1413 619 183.
1444 582 1480 626 2,
1512 581 1611 617 Eun.
1641 581 1729 618 235.
1763 584 1797 620 1.

345 645 422 681 373
507 646 539 679 Α
580 644 626 680 cf.
665 645 740 678 An.
783 643 867 680 183.
907 644 943 687 2,
983 642 1084 678 Eun.
1115 642 1204 678 645.
1233 643 1267 678 2.
1366 653 1389 678 α
1420 643 1577 678 notavit
1606 643 1769 679 Wessn.
1866 644 1896 678 B
1927 642 1950 680 3
1980 651 2112 679 exem-

452 706 562 751 plum
593 708 639 741 ut
669 706 706 741 in
738 707 784 741 A.

343 769 420 805 374
502 770 535 804 Α
565 768 680 810 rhet..
712 777 851 804 revera
881 770 979 803 sunt
1008 766 1188 803 convicia
1215 768 1260 802 ut
1291 768 1353 802 est
1383 767 1422 802 in
1455 768 1497 802 Β.
1762 800 1770 808 ‚

344 831 421 867 375
506 831 534 866 Β
572 831 596 866 2
633 831 747 866 iuxta
787 830 886 865 Don.
926 830 966 864 in
1006 830 1051 872 A,
1093 830 1161 865 sed
1203 830 1339 865 minus
1370 829 1477 866 iuste
1508 829 1700 865 ‘nihil...
1729 829 2009 874 cogitasse'
2040 837 2112 873 pro

449 893 654 929 ‘sensisse’
686 902 722 927 v.
753 894 781 928 t.
811 902 846 935 q.

343 955 417 992 377
504 956 538 990 Α
567 955 679 990 iuxta
708 954 806 990 Don.
836 954 874 988 in
905 953 958 997 B;
990 952 1275 989 ‘validiora’
1303 953 1395 997 quid
1420 953 1525 989 hoc?
1540 956 1752 998 sumptum
1770 953 1929 989 videtur
1943 962 1994 989 ex
2010 952 2109 988 Don.

450 1016 524 1053 380
555 1017 588 1052 A
621 1018 654 1061 1,
686 1016 751 1051 ubi
781 1015 982 1059 significat
1011 1014 1181 1050 minus
1211 1024 1303 1050 van
1318 1024 1352 1050 a.

342 1080 420 1116 379
503 1079 538 1114 Α
566 1079 589 1114 2
620 1089 643 1113 α
672 1077 808 1122 expuli
836 1077 1045 1113 emblema.
1155 1077 1233 1113 380
1263 1079 1294 1112 Α
1329 1077 1347 1113 1
1380 1078 1482 1113 ‘ais'
1512 1079 1559 1113 ad
1590 1080 1666 1114 An.
1698 1078 1785 1115 192.
1819 1078 1852 1116 1.

343 1142 416 1178 381
503 1141 604 1177 Eun.
636 1139 722 1176 779.
753 1139 789 1186 3,
820 1139 910 1176 911.
940 1140 977 1183 2,
1006 1140 1079 1175 Ad.
1110 1138 1200 1176 708.
1232 1141 1272 1184 1,,
1296 1141 1371 1175 etc.

342 1203 419 1241 382
501 1204 534 1238 A
563 1213 587 1237 a
615 1202 747 1238 otiosa
773 1202 977 1238 conclusio
1007 1211 1077 1247 per
1106 1211 1240 1245 ergo.

342 1266 419 1302 385
502 1267 537 1301 A
565 1266 746 1301 eiusdem
776 1267 912 1310 notae,
941 1267 982 1301 et
1012 1265 1187 1310 pertinet
1217 1275 1239 1301 a
1271 1265 1366 1301 Don.
1398 1265 1434 1302 3.

342 1328 419 1364 396
501 1329 535 1363 Α
575 1329 593 1364 1
633 1327 799 1371 falsum;
840 1327 1107 1372 Demiphonis
1145 1327 1268 1363 verba
1305 1328 1527 1372 respiciunt
1562 1337 1608 1364 ea
1636 1337 1737 1371 quae
1766 1327 1950 1372 proxime
1979 1335 2110 1372 proce·

448 1390 549 1425 dunt
577 1389 636 1432 (cf.
666 1389 845 1432 Sloman)
873 1391 915 1426 et
941 1390 1061 1434 longe
1092 1389 1168 1425 alia
1196 1389 1295 1425 Don.
1325 1389 1363 1424 in
1394 1389 1430 1425 2.
1513 1389 1538 1425 4
1567 1389 1614 1426 cf.
1644 1391 1691 1426 ad
1720 1389 1809 1426 381.

341 1452 418 1488 405
501 1462 558 1496 sq.
589 1452 635 1488 cf.
666 1453 738 1487 Ad.
773 1452 859 1489 175.
889 1451 925 1488 5.
1009 1452 1088 1489 409
1115 1452 1146 1487 Β
1170 1451 1338 1495 falsum;
1357 1453 1404 1488 de
1433 1453 1489 1488 ob
1515 1453 1561 1488 id
1585 1453 1624 1488 in
1642 1452 1793 1498 spuriis
1810 1453 1858 1488 ad
1874 1453 1952 1488 An.
1970 1450 2042 1488 157
2059 1449 2110 1487 al.

340 1514 415 1550 411
502 1514 531 1549 Β
562 1514 663 1550 rhet.
693 1516 738 1549 ut
767 1514 843 1550 413
874 1515 915 1550 Β.
1000 1514 1078 1550 413
1107 1516 1140 1549 A
1171 1513 1195 1550 2
1223 1513 1269 1550 cf.
1299 1515 1376 1550 An.
1408 1514 1505 1559 prol.
1537 1514 1573 1551 5.

340 1575 418 1612 414
499 1577 533 1610 A
563 1585 633 1620 per
663 1586 708 1612 se
735 1577 836 1612 satis
867 1576 1015 1612 mirum
1043 1578 1084 1612 et
1112 1576 1150 1611 h.
1181 1576 1205 1611 1.
1231 1575 1400 1612 falsum:
1428 1576 2002 1622 ‘amittere’=dimittere,ut
2020 1575 2107 1612 141.

340 1638 418 1674 415
499 1639 534 1672 Α
566 1638 584 1673 1
615 1639 663 1674 ad
693 1639 793 1674 Eun.
826 1638 912 1675 107.
997 1638 1021 1674 2
1049 1638 1151 1674 rhet.
1182 1641 1225 1674 ut
1256 1638 1333 1675 422
1364 1644 1410 1674 A.
1496 1638 1574 1676 419
1602 1640 1637 1674 A
1666 1639 1711 1675 cf.
1741 1639 1814 1674 Ad.
1845 1637 1932 1675 232.
1964 1638 1999 1675 2.

339 1700 418 1736 420
499 1703 534 1736 Α
563 1701 586 1737 2
615 1702 812 1744 quaesitis
842 1701 974 1736 verbis
1002 1701 1120 1736 iuxta
1147 1701 1248 1737 Don.
1279 1702 1312 1736 A
1344 1701 1376 1737 1.
1462 1701 1492 1736 Β
1526 1702 1544 1737 1
1576 1701 1622 1737 cf.
1652 1701 1726 1737 Ad.
1758 1701 1845 1737 127.
1874 1700 1911 1738 3.

340 1762 418 1798 426
499 1763 530 1798 Β
569 1763 800 1807 ‘quidam’
838 1763 894 1798 illi
933 1765 1041 1799 recte
1078 1762 1333 1809 intellegunt,
1363 1763 1409 1799 cf.
1438 1763 1521 1799 Dzi.
1552 1766 1593 1799 et
1621 1764 1807 1800 Sloman:
1836 1763 1867 1799 it
1897 1762 2030 1799 would
2059 1762 2108 1799 be

446 1824 577 1860 better
615 1827 656 1861 to
692 1826 741 1861 do
779 1825 848 1861 the
878 1834 991 1861 same
1021 1825 1120 1860 with
1150 1834 1254 1870 your
1284 1825 1374 1861 self'
1405 1825 1428 1861 i.
1459 1835 1492 1863 e.
1523 1826 1579 1863 ‘to
1608 1825 1722 1861 leave
1750 1825 1820 1861 the
1847 1825 1977 1861 house
2004 1834 2108 1870 your

445 1886 558 1931 self’;
588 1887 680 1923 huic
702 1886 1030 1932 interpretationi
1053 1887 1274 1931 opponitur
1299 1887 1446 1923 altera:
1471 1887 1700 1924 ‘artificiose
1726 1887 1877 1923 autem'
1893 1888 1968 1933 etc,
1984 1896 2108 1931 quam

445 1948 531 1993 ipse
569 1948 751 1985 Donatus
789 1948 1031 1993 praetulisse
1067 1948 1239 1993 videtur,
1276 1958 1458 1993 quaeque
1488 1950 1604 1985 docet
1633 1959 1726 1985 eum
1754 1958 1834 1985 non
1863 1948 2012 1993 legisse
2039 1948 2106 1985 Tu

446 2012 504 2056 te,
547 2011 616 2046 sed
659 2020 740 2047 uno
781 2011 901 2047 verbo
939 2010 1080 2056 Tute,
1124 2012 1230 2055 quod
1267 2011 1324 2046 ita
1361 2011 1538 2056 explicat
1576 2014 1622 2047 ut
1650 2011 1838 2048 Phormio
1866 2009 2107 2056 Demiphoni

445 2073 675 2109 consentire
704 2075 845 2109 contra
874 2072 999 2108 filium
1030 2074 1153 2117 atque
1181 2073 1294 2108 illum
1323 2073 1529 2109 adhortari
1558 2073 1742 2109 videatur
1771 2074 1816 2109 ut
1843 2072 1976 2117 faciat,
1999 2073 2105 2117 quod

445 2135 626 2172 minatus
655 2135 731 2171 sit:
762 2135 833 2171 ‘Tu
862 2134 921 2171 fac
948 2135 1054 2170 idem
1081 2136 1185 2179 quod
1212 2135 1365 2180 dixisti,
1391 2139 1430 2171 et
1454 2135 1620 2180 prohibe
1644 2134 1771 2171 filium
1795 2135 1941 2171 domo’.
1969 2134 2105 2171 Lectio

445 2198 485 2233 et
512 2197 795 2242 interpretatio
824 2198 962 2233 minus
989 2197 1111 2233 iusta.
1129 2196 1239 2240 Quod
1268 2198 1406 2232 autem
1435 2197 1584 2241 legitur
1606 2196 1644 2232 in
1671 2199 1705 2232 A
1729 2196 1877 2233 diversi
1893 2198 1957 2232 est
1971 2198 2104 2232 aucto-

443 2259 513 2304 ris,
542 2260 766 2303 pugnantis
795 2259 947 2296 scilicet
975 2268 1065 2294 cum
1096 2259 1127 2295 B
1155 2260 1194 2295 in
1225 2259 1317 2295 fine.
1347 2259 1387 2295 Si
1416 2260 1553 2295 autem
1582 2269 1673 2295 cum
1699 2258 2106 2295 Teuber-Wessner
2156 2296 2157 2299 Ἴ

445 2321 663 2357 inserimus
691 2331 787 2357 non
817 2324 910 2357 ante
936 2322 996 2357 ‘de
1022 2321 1261 2366 compacto',
1286 2323 1374 2357 tum
1399 2331 1498 2358 sane
1522 2322 1597 2357 hoc
1611 2321 1826 2357 conveniet
1840 2330 1931 2357 cum
1947 2320 2104 2357 Donato

442 2383 482 2419 in
512 2383 542 2418 Β
573 2386 613 2419 et
641 2383 716 2419 erit
746 2383 943 2420 scholium
974 2384 1223 2428 parallelum.

338 2444 415 2481 428
498 2446 532 2480 Α
561 2445 607 2481 cf.
637 2446 708 2481 Ad.
738 2446 800 2483 50.
835 2446 867 2481 1.
952 2446 1029 2483 433
1059 2447 1094 2481 A
1123 2447 1169 2482 de
1199 2446 1324 2482 schol.
1356 2447 1576 2482 non-sed
1607 2447 1658 2481 ad
1686 2445 1776 2482 211.

338 2506 550 2544 441-459
578 2508 627 2544 ad
656 2507 732 2543 hos
759 2517 829 2543 vss
872 2508 1064 2552 leguntur
1093 2508 1295 2553 permulta
1324 2508 1536 2553 rhetorica,
1561 2508 1711 2544 hausta
1733 2517 1785 2543 ex
1809 2506 1961 2551 optimo
1984 2505 2108 2552 fonte,

446 2578 565 2613 quem
617 2569 893 2614 Eugraphium
944 2570 1067 2605 etiam
1120 2571 1376 2615 cognovisse,
1418 2573 1506 2612 (nec
1547 2579 1630 2606 non
1675 2570 1879 2605 Donatum
1919 2568 2106 2613 fortasse,

447 2633 612 2676 propter
638 2631 726 2668 453.
759 2631 806 2676 1),
839 2631 932 2667 olim
963 2632 1121 2667 ostendi
1150 2632 1189 2667 in
1219 2633 1363 2668 Mnem.
1394 2631 1457 2669 33.
1486 2631 1563 2668 246
1591 2641 1691 2677 sqq.,
1721 2631 1787 2667 ubi
1814 2631 1920 2667 illius
1948 2640 2106 2675 quoque

447 2692 729 2729 adnotationes
758 2692 908 2729 rettuli.

341 2753 417 2789 464
499 2754 545 2790 cf.
574 2755 650 2790 An.
682 2755 770 2792 758.
800 2756 837 2800 4,
867 2755 962 2791 Hec.
995 2754 1082 2792 622.

340 2817 414 2853 477
498 2817 523 2852 2
560 2818 699 2853 contra
735 2817 836 2853 Don.
875 2818 909 2861 1,
947 2818 1017 2853 sed
1056 2817 1281 2854 differentia
1317 2818 1431 2855 falsa.
1468 2818 1603 2855 Cicero
1643 2818 1879 2854 refutare
1917 2818 1958 2854 et
1998 2825 2105 2853 con-

448 2878 616 2915 futare
666 2879 894 2923 promiscue
940 2879 1074 2914 iunxit
1120 2889 1211 2915 cum
1261 2881 1415 2916 obiecto
1461 2879 1665 2925 personali
1707 2881 1748 2916 et
1785 2879 1904 2923 reali;
1941 2878 2104 2915 comicis

446 2941 485 2975 in
528 2951 606 2977 usu
648 2941 725 2978 fuit
765 2942 1055 2978 confutare.
1093 2942 1140 2977 In
1176 2942 1348 2979 Pacuvio
1374 2943 1591 2979 Ribbeckio
1615 2952 1653 2987 p.
1675 2942 1727 2979 83
1753 2941 1992 2986 suspectum
2018 2940 2105 2977 erat

447 3011 489 3038 re
501 3002 653 3039 futat.

341 3063 417 3100 482
503 3064 523 3100 1
553 3066 594 3100 et
622 3065 647 3102 2
675 3065 764 3101 vide
793 3066 840 3101 ad
873 3065 945 3102 165
975 3066 1110 3101 adnot.
1140 3066 1216 3100 sub
1245 3068 1375 3102 textu.

342 3125 419 3161 485
503 3126 536 3169 1,
620 3126 698 3163 493
731 3128 763 3171 1,
847 3128 924 3163 496
957 3128 975 3163 1
1007 3127 1109 3163 rhet.
