2242 3443
929 276 1012 312 243

162 395 301 432 habeo’
343 398 383 432 et
423 396 543 432 ‘haud
582 398 694 432 muto
729 396 905 432 factum’.
949 396 1004 432 De
1053 397 1182 441 prima
1229 397 1434 433 sententia
1472 397 1593 432 schol.
1626 398 1642 432 1
1683 398 1840 434 Donato

162 457 266 502 dedi,
292 467 313 493 a
339 468 417 501 quo
442 457 640 502 discrepat
665 457 700 503 5,
724 458 935 493 continens
962 458 1065 494 hanc
1091 458 1234 495 miram
1252 458 1541 494 differentiam:
1574 469 1647 494 nos
1665 460 1841 495 oblivisci

163 528 283 563 posse
311 528 412 563 quae
455 519 671 564 scimus,
714 529 935 563 numquam
965 529 1066 563 quae
1104 521 1386 556 memoriae
1429 521 1750 556 mandamus!
1781 522 1839 562 (cf.

162 589 284 624 supra
325 581 373 616 ad
415 591 450 616 V.
483 581 531 622 8).
574 581 630 617 De
672 581 799 617 altera
842 582 1064 626 sententia,
1108 585 1268 626 praeter
1304 582 1517 618 lectionem
1555 583 1705 617 variam
1736 583 1774 617 in
1805 583 1840 628 6,

162 641 335 685 quinque
378 642 528 678 scholia
567 642 769 686 leguntur.
813 643 969 679 Donato
1009 644 1218 688 adsignavi
1256 644 1279 679 2
1307 644 1449 679 collato
1478 645 1524 678 ad
1553 643 1648 679 Hec.
1680 644 1766 680 730.
1797 645 1840 689 4;

162 702 250 738 eius
279 704 400 739 verba
437 703 690 739 confirmavit
717 704 913 748 magister
941 714 1011 749 per
1040 715 1160 749 ergo
1189 705 1230 740 in
1261 705 1305 749 8;
1337 704 1383 740 cf.
1413 705 1488 739 Mn.
1522 704 1582 740 32.
1614 705 1700 741 288,
1731 706 1843 742 Prae-

161 766 271 801 terea
309 766 529 810 genuinum
572 776 663 802 esse
705 768 804 811 puto
848 767 883 812 4,
927 767 994 802 ubi
1033 767 1200 803 alteram
1245 767 1624 811 interpretationem
1664 767 1845 812 exhibet,

160 828 203 862 at
256 827 377 863 simul
431 828 562 872 reicit3
616 828 714 864 haec
755 828 959 864 invenitur
1001 829 1122 864 etiam
1174 830 1281 873 apud
1323 828 1599 872 Eugraphium
1641 839 1677 873 p.
1720 829 1743 864 9
1784 829 1845 871 (cf.

160 888 311 925 Becker
340 890 569 933 Marquardt
598 890 637 925 Π
668 890 701 925 1.
731 889 808 931 84).
837 889 968 926 Schol.
1000 889 1023 926 3
1053 890 1210 926 notavit
1240 890 1449 927 Wessner.
1478 890 1523 925 In
1556 890 1680 925 schol.
1712 890 1773 925 Ga
1798 891 1844 925 de

157 949 338 986 lectionis
382 951 535 986 ‘inulto'
579 950 892 996 significatione,
921 951 1060 996 inepta
1088 953 1152 987 est
1189 951 1398 987 sententia
1435 952 1568 986 ‘nemo
1608 952 1725 986 enim’
1757 961 1841 995 sqq.

159 1011 336 1055 Denique
380 1012 401 1048 7
444 1014 599 1057 pugnat
640 1022 731 1048 cum
775 1012 809 1058 2,
853 1014 892 1048 et
936 1016 1145 1057 praeterea
1195 1014 1398 1049 Donatum
1445 1012 1639 1048 formulas
1682 1013 1840 1048 ‘nollem

158 1072 320 1109 factum'
373 1075 413 1109 et
456 1074 615 1110 ‘nollem
657 1075 735 1111 huc
776 1075 945 1111 exitum'
988 1075 1271 1111 adverbialiter
1313 1074 1514 1110 adhibitas
1564 1074 1841 1119 existimasse,

159 1144 241 1170 non
283 1135 460 1172 indicant
501 1136 653 1172 scholia
695 1137 816 1173 citata
857 1138 907 1173 ad
948 1137 1173 1182 Adelphos,
1221 1146 1295 1172 nec
1337 1146 1406 1181 per
1453 1146 1497 1172 se
1538 1136 1719 1172 credibile
1765 1138 1840 1172 est.

159 1197 409 1232 Adverbialia
447 1198 551 1242 apud
588 1207 680 1234 eum
718 1198 792 1234 alia
824 1199 940 1243 sunt,
971 1198 1082 1234 velut
1113 1198 1188 1234 340
1216 1196 1366 1233 ‘nescio
1397 1198 1516 1242 quid',
1546 1197 1641 1233 Pho.
1673 1197 1722 1233 95
1752 1198 1841 1234 ‘huc

158 1258 353 1294 viciniae'.

78 1318 127 1355 41
211 1320 235 1356 2
263 1320 466 1356 Scholium
508 1321 667 1357 concisa
708 1321 906 1357 brevitate
950 1321 1025 1357 hoc
1065 1321 1177 1357 dicit:
1224 1321 1424 1356 Gaudium
1466 1321 1490 1356 i.
1534 1331 1566 1356 6.
1608 1320 1839 1357 felicitatem

157 1382 273 1418 nobis
322 1382 444 1428 parit,
487 1382 523 1418 si
566 1382 653 1418 aliis
695 1383 817 1419 etiam
869 1385 986 1427 grata
1029 1385 1145 1429 sunt,
1189 1393 1292 1427 quae
1333 1392 1408 1418 nos
1452 1393 1500 1418 ex
1546 1383 1671 1418 officio
1713 1383 1840 1419 facere

156 1444 360 1480 debemus.
454 1445 473 1480 1
503 1444 560 1480 De
589 1445 710 1480 verbo
749 1445 958 1481 ‘ostendit’
987 1445 1076 1480 vide
1112 1446 1159 1480 ad
1203 1444 1263 1481 38.
1308 1445 1439 1481 Verba
1480 1445 1679 1488 ‘quamvis
1717 1455 1841 1481 manu

162 1506 338 1542 emissus
366 1506 442 1543 est’
469 1505 570 1542 falsa
597 1507 815 1542 continent.

9 1574 11 1578 ⁴
80 1566 129 1603 42
214 1567 232 1603 1
282 1567 328 1603 cf.
373 1568 460 1604 265.
504 1567 538 1604 3.
584 1567 650 1603 Gr.
692 1568 778 1604 Lat.
821 1567 878 1604 IV
921 1568 1009 1612 561,
1053 1578 1144 1604 cum
1186 1568 1224 1603 h.
1270 1568 1293 1604 1.
1337 1568 1438 1613 Ter.,
1483 1569 1604 1612 Eugr.
1647 1577 1684 1611 p.
1716 1568 1738 1604 9
1781 1579 1838 1613 SQ.

213 1629 237 1665 2
261 1629 437 1665 otiosum
459 1629 601 1674 nimis;
627 1629 716 1673 quis
741 1629 914 1665 alterum
941 1629 1166 1675 addubitet,
1187 1630 1258 1665 aut
1273 1629 1444 1665 alterum
1461 1630 1646 1665 nesciat?
1717 1629 1740 1665 3
1756 1640 1842 1666 con·

158 1690 282 1727 clusio
325 1701 394 1736 per
435 1701 555 1735 ergo
598 1691 841 1727 confirmans
880 1691 1028 1727 Donati
1070 1691 1195 1727 schol.
1241 1691 1282 1735 1;
1323 1691 1368 1727 cf.
1409 1693 1456 1727 de
1494 1691 1640 1726 talibus
1679 1692 1841 1728 scholiis

159 1754 207 1788 ad
252 1754 445 1790 Andriam
487 1754 564 1789 Mn.
609 1753 671 1789 32.
714 1753 789 1790 287
828 1763 911 1798 sqq.
957 1755 996 1790 et
1027 1753 1148 1798 praef.
1179 1763 1238 1788 XII
1268 1755 1359 1789 adn.
1390 1753 1595 1797 Frequens
1625 1755 1688 1789 est
1717 1755 1839 1790 etiam

158 1814 278 1850 huius
321 1815 539 1860 particulae
580 1825 681 1851 usus
726 1817 767 1851 et
806 1816 960 1851 abusus
998 1815 1037 1850 in
1079 1815 1242 1851 scholiis
1271 1815 1384 1851 Serv.
1423 1816 1463 1851 et
1492 1815 1642 1851 Daniel.
1671 1816 1718 1850 ad
1750 1816 1840 1852 Ver-

160 1876 318 1923 gilium,
352 1878 399 1913 de
427 1877 572 1921 quibus
601 1877 690 1913 vide
719 1886 826 1912 nunc
866 1876 1104 1912 Barwick
1132 1876 1171 1911 in
1203 1876 1301 1912 Phil.
1333 1876 1382 1912 70
1412 1876 1542 1919 (1911)
1571 1887 1606 1921 p.
1642 1877 1714 1912 107
1741 1887 1841 1922 sqq.,

158 1939 225 1975 ubi
277 1949 314 1983 p.
359 1939 434 1974 112
489 1948 547 1982 sq·
592 1939 638 1974 de
680 1938 851 1974 scholio:
898 1939 945 1974 ad
988 1939 1088 1974 Aen.
1132 1938 1167 1974 8.
1213 1938 1285 1974 138
1328 1938 1351 1974 i.
1396 1939 1420 1974 f.
1465 1938 1558 1974 ‘non
1602 1939 1710 1983 ergo’
1747 1949 1838 1975 vom

157 2000 462 2037 Ueberarbeiter
509 2000 742 2047 eingefiigt',
784 2002 823 2037 et
864 2001 910 2036 de
952 2000 1042 2036 aliis
1085 2000 1436 2037 coniunctionibus
1477 1999 1613 2044 inepte
1654 2001 1840 2037 adhibitis

12 2081 13 2099 π
158 2072 195 2107 p.
224 2062 297 2099 128
321 2073 380 2107 sq.

12 2130 13 2154 1
81 2122 131 2160 44
213 2124 232 2160 1
276 2125 396 2168 Eugr.
440 2134 478 2169 p.
525 2124 584 2160 10.
682 2123 705 2160 3
748 2125 859 2160 ‘sunt
896 2124 990 2169 qui’,
1033 2124 1121 2160 vide
1150 2124 1236 2161 libr.
1267 2124 1290 2161 l.
1321 2134 1357 2168 p.
1392 2123 1477 2160 169.
1563 2123 1625 2159 3a
1652 2123 1774 2167 ‘Quod
1804 2124 1838 2159 si

158 2186 249 2230 est‘,
280 2187 337 2222 sic
365 2196 488 2231 supra
516 2186 556 2222 in
587 2186 637 2222 40
654 2186 685 2222 b.
766 2186 790 2221 2
820 2186 1009 2222 otiosum.

12 2230 13 2269 ἒ
80 2244 130 2283 45
213 2248 233 2284 1
276 2248 322 2284 cf.
365 2248 464 2284 non.
506 2249 554 2284 ad
592 2248 693 2284 Eun.
732 2247 818 2283 175.
859 2247 893 2283 2.
932 2249 1005 2283 Ad.
1037 2247 1125 2284 952.
1160 2249 1192 2284 1.
1223 2249 1325 2283 And.
1357 2247 1443 2284 340.
1476 2247 1625 2283 Genius
1659 2248 1769 2284 XVI.
1801 2247 1836 2283 8.

156 2309 241 2346 Hoc
282 2310 479 2346 scholium
523 2320 614 2346 cum
657 2310 782 2346 altera
823 2312 937 2355 parte
978 2311 1087 2346 tertii
1128 2311 1169 2346 in
1207 2311 1351 2347 Donati
1389 2312 1618 2346 commento
1655 2310 1835 2345 iunctum

154 2371 249 2417 fuit5
274 2371 604 2416 supplementum
632 2372 650 2407 1
676 2382 700 2406 a
724 2372 845 2408 refert
867 2372 1140 2408 definitionem
1169 2372 1446 2416 angustiorem
1471 2371 1660 2407 Prisciani
1684 2371 1722 2406 II
1748 2370 1835 2408 211.

160 2432 184 2469 2
223 2443 392 2478 prorsus
433 2434 598 2478 falsum,
638 2444 711 2470 nec
746 2434 882 2470 minus
920 2434 1125 2470 conclusio
1163 2444 1234 2478 per
1268 2434 1406 2479 ‘ergo',
1437 2433 1615 2469 addenda
1643 2433 1839 2476 exemplis

156 2495 233 2530 Mn.
263 2495 325 2532 32.
356 2495 430 2532 288
459 2495 603 2531 citatis.
683 2495 746 2532 3α
774 2505 823 2531 ex
853 2496 952 2532 Don.
985 2496 1017 2531 1.
1089 2495 1148 2531 3b
1179 2495 1389 2540 repellitur
1418 2495 1636 2530 scholiasta
1665 2493 1688 2529 2
1713 2503 1736 2528 a
1764 2494 1835 2528 Do-

159 2557 244 2592 nati
272 2557 497 2600 defensore,
527 2559 574 2593 de
603 2567 681 2602 quo
708 2557 797 2593 vide
825 2558 902 2593 Mn.
933 2557 995 2593 32.
1025 2557 1100 2593 287
1130 2567 1216 2601 sqq.

13 2645 15 2674 3
82 2616 132 2653 48
212 2618 510 2664 Exemplum
542 2619 690 2662 Vergili
718 2619 972 2663 ineptum;
1002 2619 1131 2654 multa
1159 2619 1233 2655 hoc
1248 2628 1375 2662 genus
1391 2618 1654 2653 inveniuntur
1668 2616 1705 2651 in
1725 2616 1836 2651 scho-

160 2679 221 2716 liis
258 2681 461 2726 insiticiis,
503 2680 612 2716 velut
642 2680 731 2717 519.
761 2681 795 2723 2,
828 2680 916 2716 533.
952 2680 987 2725 3,
1019 2679 1106 2716 539.
1139 2680 1174 2725 3,
1206 2680 1294 2716 663.
1325 2680 1361 2723 4,
1393 2679 1480 2715 667.
1512 2679 1546 2722 2,
1580 2678 1668 2714 732:
1707 2678 1731 2711 4
1760 2678 1833 2712 etc.

159 2751 232 2778 nec
259 2752 340 2779 non
371 2743 588 2787 Ciceronis,
617 2743 764 2788 Plauti,
794 2743 976 2787 Sallusti,
1006 2743 1066 2778 uti
1098 2742 1183 2787 136,
1215 2742 1302 2778 331.
1335 2741 1369 2787 3,
1401 2741 1487 2777 334.
1517 2741 1564 2776 al.

15 2807 17 2817 '
83 2802 132 2839 49
215 2804 276 2840 la
316 2805 504 2841 Formula
547 2806 607 2841 ‘ab
650 2815 696 2841 eo
739 2806 841 2849 quod
880 2806 1075 2849 sequitur,
1113 2805 1150 2840 id
1189 2805 1293 2848 quod
1336 2803 1546 2848 praecedit‘
1589 2811 1612 2837 a
1641 2801 1834 2843 magistro

160 2875 280 2910 saepe
304 2868 500 2912 usurpata
524 2869 607 2902 est:
639 2866 727 2904 502.
760 2867 793 2902 1.
823 2867 922 2902 Eun.
950 2866 1037 2902 762.
1070 2866 1156 2902 780.
1188 2866 1276 2902 973.
1308 2866 1380 2900 Ad.
1410 2864 1498 2900 823.
1528 2863 1624 2899 Pho.
1648 2861 1746 2906 prol.
1772 2861 1832 2896 20.

160 2927 213 2963 Of.
254 2929 331 2964 Mn.
375 2928 434 2965 32.
476 2929 564 2964 221.
673 2928 697 2964 2
737 2928 793 2964 De
835 2928 1029 2964 divisione
1070 2928 1199 2963 multo
1244 2927 1387 2963 melius
1427 2926 1547 2968 Eugr.
1587 2934 1624 2968 p.
1666 2923 1725 2957 10.
1762 2923 1834 2957 Do-

160 2991 282 3026 natus
309 3000 397 3026 eam
425 2990 612 3026 indicavit
644 2989 729 3026 157.
761 2990 794 3035 1,
827 2989 912 3026 168.
944 2990 979 3026 2.
1050 2989 1074 3024 4
1095 3000 1118 3025 α
1147 2989 1255 3024 Simo
1280 2988 1376 3023 nihil
1401 2985 1603 3022 ‘ostendit'
1632 2986 1679 3019 de
1702 2984 1834 3018 dolore

16 3092 17 3095 Ἴ
161 3052 231 3091 aut
258 3061 341 3096 spe.

14 3135 16 3138 ψ
84 3107 130 3146 51
213 3112 274 3148 la
300 3112 460 3148 falsum.
545 3112 609 3148 3α
637 3113 792 3156 pugnat
820 3121 910 3147 cum
940 3112 983 3146 D.
1014 3111 1050 3147 3.

10 3178 19 3219 ‘f
84 3171 132 3207 52
215 3173 234 3208 1
252 3183 275 3208 a
303 3174 459 3210 notavit
489 3174 646 3209 Wessn.
677 3174 733 3209 De
762 3172 920 3208 scholiis
950 3182 1019 3216 per
1048 3173 1195 3207 deest
1224 3171 1311 3206 vide
1344 3171 1391 3205 ad
1422 3180 1458 3204 v.
1488 3168 1549 3204 30.
