2242 3443
164 559 238 595 726

164 638 236 675 727

165 793 239 830 728

177 1861 252 1899 729

179 2244 254 2281 730

181 2543 255 2585 731

186 2853 261 2889 733

186 2923 262 2962 734

1011 198 1066 237 89

305 325 418 372 quod
451 324 524 363 ille
556 325 693 373 cupit,
729 325 853 363 Micio
886 325 981 363 vult
1013 325 1328 364 consentiendo
1355 327 1575 374 mitigare,
1606 328 1678 365 sed
1708 329 1919 367 acriorem

304 398 397 438 fieri
428 400 701 439 iracundiam
727 399 936 449 Demeae,
965 410 1068 439 nam
1097 400 1216 439 ‘scio’
1244 401 1297 439 ad
1324 402 1489 449 negotii
1512 403 1649 440 totius
1672 404 1918 451 gestionem

305 475 494 523 rettulit,
529 485 616 514 non
648 475 702 514 ad
733 475 840 514 illud
871 476 985 523 quod
1018 477 1079 515 ait
1113 476 1272 515 ‘nescis
1304 478 1377 525 qui
1411 477 1477 515 vir
1509 478 1624 516 siet’.

365 565 451 593 nno
483 565 572 593 scis
602 565 654 594 ΕΤ
686 565 854 594 PATERE
881 557 970 594 iam
1002 558 1045 594 et
1077 555 1141 594 illi
1173 556 1390 605 irascitur,
1411 566 1498 595 non
1526 557 1744 596 Aeschino
1777 559 1919 597 modo.

365 644 452 672 NON
479 645 623 673 MALIM
649 644 815 680 omnim
838 635 912 673 alii
936 635 1092 674 volunt
1117 635 1347 674 Micionem
1367 635 1509 675 dicere
1528 636 1696 675 ‘malim
1716 637 1918 686 quidem’,

311 709 385 748 alii
416 709 643 749 Demeam.

371 791 391 828 1
427 799 541 828 PUER
573 799 716 828 NATUs
747 800 823 828 Esr
850 800 896 828 DI
923 800 1035 828 BENE
1063 800 1265 830 VORTANT
1292 790 1363 829 hic
1391 790 1502 829 bono
1531 791 1735 840 exemplo
1762 792 1923 830 induci-

311 868 382 904 tur
425 865 549 904 Micio
592 866 852 904 irascentem
898 866 1013 905 iuste
1050 866 1260 905 Demeam
1293 866 1449 905 leniter
1480 866 1612 914 ferre,
1647 867 1748 914 quia
1780 869 1925 906 exani·

311 943 433 981 mato
465 942 518 981 ob
549 951 796 981 maerorem
828 952 914 981 non
941 943 1146 981 convenit
1177 942 1470 981 inclementer
1502 943 1564 982 ire
1597 943 1792 991 obviam,
1826 952 1925 981 cum

308 1019 449 1066 possit
472 1019 516 1056 in
543 1020 741 1067 tempore
766 1018 1006 1067 obiurgari,
1036 1020 1270 1067 postquam
1289 1018 1653 1058 destomachatus
1667 1019 1809 1058 fuerit.
1832 1019 1855 1057 2
1875 1018 1927 1056 Et

311 1094 412 1133 vide
453 1104 586 1142 quam
627 1094 790 1142 facete,
833 1104 932 1133 cum
974 1094 1048 1133 ille
1093 1095 1213 1143 ‘puer
1250 1096 1382 1133 natus
1414 1095 1497 1133 est’
1531 1094 1583 1133 ad
1616 1096 1926 1143 argumentum

313 1169 420 1208 mali
451 1169 668 1218 attulerit,
695 1170 769 1209 hic
794 1171 855 1209 ita
878 1169 1119 1219 respondit,
1149 1170 1522 1218 quemadmodum
1539 1170 1622 1218 illi,
1642 1170 1797 1218 quibus
1813 1169 1931 1218 puel·

313 1245 404 1284 lam
447 1247 570 1285 nasci
605 1246 906 1286 metuentibus
937 1247 1166 1285 nuntiatur
1196 1256 1379 1295 puerum
1412 1248 1567 1285 natum
1600 1257 1715 1296 esse,
1749 1256 1854 1285 nam
1886 1246 1929 1283 in

315 1322 539 1371 omnibus,
582 1332 694 1371 quae
735 1322 880 1371 cupite
922 1324 1187 1371 evenerunt,
1231 1322 1288 1361 ‘di
1319 1322 1428 1362 bene
1460 1324 1649 1362 vertant’
1683 1322 1797 1362 solet
1829 1322 1930 1369 dici,

314 1399 417 1447 quia
443 1409 575 1447 saepe
601 1399 803 1438 homines
831 1409 883 1438 ea
907 1401 1192 1448 optaverunt,
1221 1408 1330 1447 quae
1357 1398 1447 1438 illis
1464 1398 1591 1438 aliter
1608 1401 1739 1447 atque
1756 1408 1931 1448 exspec-

315 1476 524 1513 taverant
565 1476 879 1524 contigissent;
923 1485 1055 1524 quam
1096 1477 1365 1523 potestatem
1399 1485 1547 1514 rerum
1580 1476 1930 1515 vertentium

319 1553 463 1591 semet
504 1552 545 1590 in
579 1554 813 1599 utramque
845 1553 1015 1600 partem
1049 1551 1352 1590 Vertumno
1385 1551 1464 1591 deo
1498 1562 1730 1601 superesse
1763 1554 1934 1591 veteres

321 1627 655 1666 existimabant.
684 1628 708 1666 3
732 1637 863 1666 vineo
890 1638 1016 1666 NIHIL
1043 1638 1189 1666 HABET
1217 1627 1313 1666 vult
1340 1638 1433 1667 rem
1452 1629 1546 1667 sine
1563 1629 1759 1668 remedio
1776 1628 1932 1676 videri,

319 1704 421 1750 quia
451 1704 535 1742 scit
565 1714 695 1753 posse
727 1705 893 1753 nuptiis
919 1703 1034 1743 finiri
1065 1704 1432 1751 sollicitudinem;
1467 1707 1492 1743 4
1526 1708 1569 1744 et
1600 1705 1699 1744 vide
1730 1704 1934 1743 amaritu-

320 1779 468 1818 dinem
500 1779 690 1819 Demeae
725 1783 880 1819 contra
912 1791 1085 1829 omnes,
1119 1782 1168 1819 ut
1200 1790 1280 1819 nec
1312 1781 1472 1829 virgini
1497 1781 1580 1830 ipsi
1613 1783 1776 1830 parcat.

383 1860 404 1896 1
437 1869 595 1897 AUDIVI
625 1857 781 1908 ἀφελῶς
809 1862 852 1899 et
880 1870 979 1898 cum
1008 1857 1281 1912 ἐξουθενισμῷ
1309 1860 1677 1909 respondendum,
1697 1860 1822 1908 quasi
1839 1858 1935 1897 leve

324 1936 399 1984 sit,
443 1936 556 1983 quod
599 1936 846 1975 admissum
885 1938 964 1975 est.
1011 1937 1034 1974 2
1068 1936 1181 1984 <m
1213 1936 1482 1984 DUCENDA>
1514 1947 1736 1976 mnorA'rA
1768 1946 1844 1975 Esr
1879 1934 1937 1972 ‘et

322 2011 532 2050 ducenda’
564 1998 732 2051 scilicet
763 2023 817 2051 ne
849 2013 1087 2051 damnatus
1119 2013 1177 2051 sit
1207 2013 1480 2059 Aeschinus;
1515 2013 1539 2050 3
1574 2014 1617 2050 et
1647 2011 1729 2049 hoc
1754 2009 1935 2048 verbum

323 2088 414 2125 vim
455 2089 737 2126 necessitatis
778 2087 929 2136 habet,
971 2090 1019 2126 ut
1061 2088 1508 2136 (Verg.Aen.l.230)
1552 2086 1719 2136 ‘pacem
1752 2085 1936 2124 Troiano

324 2163 377 2202 ab
408 2174 443 2203 r.
475 2166 530 2213 p.’

381 2249 485 2286 orm>
515 2250 634 2280 NUNC
664 2250 875 2280 romanu
907 2251 1027 2280 more
1059 2241 1367 2290 irascentium,
1398 2250 1499 2280 cum
1530 2240 1623 2288 ipse
1648 2238 1811 2277 dixerit
1836 2235 1938 2284 quid

325 2316 524 2356 futurum
565 2317 642 2365 sit,
681 2317 912 2356 Micionem
946 2318 1213 2365 interrogat;
1246 2319 1290 2356 et
1319 2315 1623 2356 huiuscemodi
1652 2312 1940 2361 interrogatio

325 2394 568 2432 secundum
594 2392 784 2442 figuram
811 2404 940 2432 suam
968 2404 1055 2432 non
1082 2394 1214 2433 habet
1239 2394 1592 2442 responsionem,
1620 2390 1695 2430 sed
1723 2389 1847 2428 Micio
1875 2387 1939 2426 sic

325 2470 549 2518 respondit
579 2470 706 2518 quasi
735 2470 997 2518 simpliciter
1027 2470 1279 2518 inquirenti.

389 2547 409 2584 1
453 2556 599 2584 nmmo
635 2556 725 2585 Huc
767 2555 1109 2584 TRANSFERETUR
1150 2555 1282 2584 vineo
1325 2545 1540 2593 virginem
1572 2553 1683 2591 quae
1715 2543 1803 2580 iam
1839 2549 1938 2578 cum

328 2622 420 2660 viro
462 2621 546 2660 fuit
587 2625 728 2661 vocat.
772 2622 990 2670 Vergih'us
1032 2621 1133 2662 (Ecl.
1153 2624 1193 2663 6.
1211 2623 1283 2661 47)
1327 2621 1395 2660 ‘ah
1432 2621 1554 2668 virgo
1586 2618 1768 2658 infelix'.
1801 2617 1824 2654 2
1858 2624 1939 2655 Pno

329 2708 533 2736 IUPPITEB
559 2708 753 2737 1srocnm
779 2708 915 2736 PAcro
947 2707 1064 2736 anr
1095 2707 1283 2736 OPORTET
1313 2697 1403 2745 ‘pro
1421 2695 1629 2744 Iuppiter’
1648 2694 1813 2741 tragice
1830 2691 1941 2730 adie-

329 2774 388 2812 cit
418 2783 614 2821 aversus,
650 2774 847 2813 ‘istocine
879 2775 1021 2822 pacto’
1054 2774 1106 2812 ad
1134 2774 1280 2822 ipsum
1307 2772 1537 2811 Micionem
1562 2770 1798 2819 respiciens
1816 2767 1940 2805 dixit.

388 2860 427 2888 SI
457 2860 543 2888 NON
576 2860 630 2888 ΒΕ
662 2860 759 2888 IPSA
792 2860 914 2888 rswc
940 2860 1029 2887 TIBI
1054 2859 1191 2888 DOLET
1217 2859 1331 2888 rem
1357 2858 1471 2887 nunc
1488 2857 1564 2896 pro
1583 2846 1765 2885 veritate
1782 2843 1942 2892 posuit.

389 2936 611 2964 summae
659 2936 791 2964 cnam
838 2936 913 2964 EST
960 2935 1144 2964 Hormus
1189 2934 1276 2963 non
1323 2924 1441 2971 dicit,
1489 2922 1591 2970 quia
1638 2919 1828 2959 hominis
1875 2919 1942 2956 est

329 3001 521 3049 mentiri,
569 3001 646 3040 sed
693 3001 795 3049 quia
838 3010 968 3049 saepe
1012 3000 1262 3039 iracundiae
1305 2997 1530 3037 simulatio
1576 2995 1774 3035 custodia
1817 2993 1942 3032 disci·

333 3077 477 3125 plinae
509 3079 590 3116 est.
