2242 3443
322 184 486 212 Annam
1157 175 1242 211 250

317 298 394 333 239
481 298 496 332 1
541 297 637 332 Vide
672 307 794 341 supra
825 299 869 332 aci
903 298 962 332 77.
996 298 1029 333 3.
1116 298 1138 334 3
1169 301 1210 334 et
1238 298 1262 333 4
1291 298 1437 335 inania.
1522 299 1544 334 5
1573 298 1690 334 iuxta
1719 298 1761 334 1).
1793 298 1828 334 2.
1913 298 1936 335 6
1967 298 2085 342 Eugr.

428 369 462 402 p.
497 358 557 394 23.

317 420 390 456 241
480 421 497 456 1
529 421 684 456 Donato
714 421 801 456 dedi
830 430 910 457 non
942 421 1029 457 sine
1058 421 1190 464 aliqua
1218 422 1482 458 dubitatione.

317 482 394 518 240
475 483 520 517 cf.
551 491 675 526 supra
702 483 749 517 ad
781 482 843 518 45.
878 483 910 525 1,
996 494 1018 516 (ι
1048 483 1207 518 notavit
1237 482 1399 518 Wessn.

317 543 394 579 242
478 543 501 580 3
530 546 745 589 repetitum
776 555 824 580 ex
857 544 953 588 218;
984 545 1140 580 notavit
1170 544 1332 581 Wessn.

317 605 394 642 243
481 607 497 641 1
533 606 637 641 ‘curn
668 608 826 642 conatn'
857 607 901 642 cf.
936 606 1021 642 161.
1053 606 1087 642 2.
1173 606 1196 642 2
1225 607 1499 651 ‘proprietate’
1531 607 1619 642 vide
1649 606 1882 649 Rabbow,
1912 607 1960 642 de
1989 607 2087 644 Don.

423 677 522 703 com.
562 678 597 712 p.
629 668 718 713 341,
745 669 811 713 qui
842 669 980 704 citavit
1010 668 1195 705 Servium
1225 669 1272 704 ad
1302 670 1401 705 Aen.
1438 669 1469 705 1.
1503 668 1579 705 410
1609 670 1631 706 ‘.
1653 698 1656 703 .
1676 695 1684 704 .
1711 668 1922 705 sciendum
1953 671 2087 706 tamen

422 732 484 765 est
517 730 747 766 Terentium
779 733 939 775 propter
969 730 1098 766 solam
1129 731 1419 775 proprietatem
1449 730 1638 766 omnibus
1668 730 1830 766 comicis
1859 739 1952 766 esse
1981 740 2090 776 prae·

425 791 616 837 positum,
655 793 800 836 quibus
832 795 896 828 est
924 795 1123 836 quantum
1154 793 1201 827 ad
1231 795 1365 828 cetera
1394 794 1552 837 spectat
1581 792 1769 828 inferior’.
1799 792 1900 828 Eun.
1929 792 2018 828 441.
2050 793 2087 837 13

423 853 611 898 frequens
657 856 721 890 est
769 853 940 890 formula
978 854 1129 899 ‘propie
1167 854 1268 891 Ter.'
1308 855 1348 889 in
1387 856 1630 890 commento.
1670 854 1723 891 Cf.
1767 854 1815 890 ad
1857 854 1957 890 Eun.
2004 853 2090 892 134.

480 915 502 952 3
530 917 751 960 ‘tamquam
780 916 983 952 Chremes’
1013 918 1109 952 cett.
1141 916 1426 961 interpretatio
1457 926 1614 953 manca.

319 976 396 1013 245
481 978 542 1013 la
570 978 662 1014 ficta
691 979 824 1014 omnia
921 977 943 1014 3
983 978 1141 1014 Donato
1173 978 1266 1014 dare
1295 978 1449 1014 veritus
1479 988 1571 1014 sum
1600 978 1709 1014 vocis
1740 977 2015 1014 definitionem
2044 978 2092 1014 ab

425 1038 530 1075 illius
559 1040 690 1076 iudicii
715 1042 754 1076 et
779 1040 862 1076 stili
885 1040 1104 1076 sobrietate
1128 1040 1434 1085 adhorrentem;
1461 1039 1507 1076 of.
1533 1041 1741 1085 praeterea
1765 1039 1865 1076 Don.
1885 1039 1923 1075 4.
2006 1038 2029 1076 5
2053 1040 2093 1076 et

425 1102 655 1138 observatio
684 1105 724 1138 et
755 1102 987 1147 exemplum
1017 1102 1205 1138 invalida.

320 1161 397 1199 246
480 1163 504 1199 2
532 1163 620 1200 vide
648 1164 770 1209 praef.
801 1174 836 1208 p.
868 1173 922 1199 1x.

318 1223 395 1261 248
477 1225 500 1261 2
528 1225 603 1262 hoc
630 1226 826 1262 scholium
855 1225 973 1270 posui
998 1227 1094 1261 ante
1124 1226 1314 1271 primum,
1337 1236 1415 1270 quo
1441 1226 1579 1262 ordine
1602 1225 1841 1270 legebantur
1865 1224 1951 1261 sine
1974 1223 2092 1261 dubio

427 1287 466 1323 in
495 1290 737 1324 commento.
768 1288 822 1324 Cf.
850 1288 997 1332 Speng.
1081 1286 1103 1324 3
1129 1287 1381 1334 Spengelius‚
1406 1287 1546 1324 citavit
1570 1287 1646 1324 010.
1671 1287 1754 1324 Cat.
1775 1286 1809 1323 3.
1839 1285 1898 1323 15.
1970 1286 1995 1322 4
2019 1286 2092 1322 dis-

429 1350 570 1386 tinctio
600 1350 714 1386 falsa.

322 1411 399 1448 249
483 1413 500 1448 1
531 1413 714 1457 ineptum
745 1422 814 1458 per
842 1412 997 1457 ‘quasi’‚
1027 1411 1115 1447 vide
1144 1413 1192 1447 ad
1224 1421 1258 1447 V.
1291 1411 1351 1448 24.

324 1475 402 1511 250
486 1475 504 1510 1
544 1475 644 1510 Don.
683 1476 731 1510 ad
760 1475 860 1510 Eun.
892 1473 980 1511 833.
1065 1473 1088 1510 2
1115 1473 1211 1509 Hec.
1242 1473 1331 1510 643.
1362 1473 1398 1510 5.
1483 1473 1506 1510 5
1534 1473 1655 1518 Eugr.
1686 1483 1722 1518 p.
1754 1473 1816 1510 24.
1902 1473 1961 1509 la
1992 1472 2093 1508 mira

432 1536 660 1582 distinctio;
692 1538 738 1573 de
767 1536 1011 1572 contumelia
1039 1536 1085 1571 cf.
1119 1535 1205 1571 194.
1238 1535 1281 1580 2;
1311 1536 1388 1571 Mn.
1421 1535 1481 1572 32.
1499 1534 1589 1572 232.

328 1598 403 1635 252
489 1600 507 1635 1
538 1599 654 1635 iuxta
683 1599 780 1635 Dori,
813 1599 849 1643 2,
880 1599 927 1634 de
955 1598 1097 1642 ‘quasi’
1128 1599 1176 1634 ad
1206 1608 1241 1633 V.
1274 1597 1335 1634 24.

323 1661 400 1697 253
482 1660 506 1697 2
543 1662 583 1696 01
612 1660 635 1697 3
665 1661 787 1704 Eugr.
815 1670 854 1705 p.
884 1659 954 1696 25:
985 1669 1093 1696 nuno
1120 1669 1191 1704 per
1219 1659 1394 1704 speciem
1425 1660 1626 1704 proponit.
1657 1659 1704 1695 In
1735 1658 1758 1696 3
1787 1658 1940 1704 species
1970 1657 2091 1694 nomi-

431 1724 592 1759 uantur.

324 1785 401 1821 255
481 1785 571 1820 vide
620 1786 669 1820 ad
698 1784 786 1821 279.
820 1785 852 1820 1.

324 1846 398 1883 257
483 1846 507 1883 2
535 1846 758 1883 differentia
785 1846 878 1882 ficta
906 1848 945 1881 01
973 1845 1086 1882 falsa.
1119 1845 1217 1881 Vide
1247 1855 1373 1890 supra
1402 1846 1449 1881 ad
1478 1844 1515 1881 8.
1546 1844 1569 1881 3
1597 1845 1714 1890 Don.,
1742 1844 1844 1882 Eun.
1874 1842 2091 1888 104,1.s.1.

432 1918 468 1953 p.
504 1908 576 1944 147
606 1918 664 1953 sq.

324 1978 402 2015 258
484 1978 634 2014 scholia
660 1978 866 2014 levissima
897 1978 915 2013 1
947 1979 986 2013 et
1011 1977 1035 2013 2
1063 1977 1230 2013 semovi.

325 2040 403 2076 259
488 2041 506 2076 1
538 2043 578 2077 et
608 2040 632 2076 2
655 2040 775 2084 falsa;
806 2040 852 2076 of.
883 2040 1030 2084 Speng.
1117 2038 1140 2075 3
1170 2039 1290 2082 Eugr.
1321 2048 1357 2083 p.
1389 2038 1451 2075 25.

326 2102 401 2138 261
489 2102 507 2138 1
540 2102 663 2138 301101.
695 2102 796 2137 rhet.
828 2101 987 2137 Donati.
1018 2101 1095 2136 Mn.
1127 2099 1204 2136 234
1235 2110 1295 2144 sq.
1380 2100 1404 2136 2
1433 2102 1473 2136 01
1503 2099 1526 2136 3
1554 2099 1657 2136 rhet.
1686 2101 1731 2135 ut
1767 2098 1854 2136 262.
1886 2098 1922 2136 2.
1951 2098 1987 2134 4.

324 2163 403 2200 264
485 2165 545 2200 ‘ad
573 2162 699 2208 quam'
717 2163 815 2199 rem'
841 2163 1122 2208 interpretatio
1147 2171 1351 2207 perversa,
1376 2161 1508 2198 Gloss.
1534 2171 1695 2207 semper
1712 2161 1764 2197 ‘in
1776 2171 1897 2206 quam
1912 2159 2094 2206 partem'.

327 2226 404 2262 265
488 2226 511 2262 3
540 2226 586 2262 cf.
611 2226 673 2262 42.
707 2226 740 2262 1.

329 2288 406 2324 268
488 2288 512 2324 2
541 2288 579 2324 in
609 2289 697 2333 ipso
727 2290 956 2324 commento
986 2287 1134 2323 lemma
1162 2287 1288 2322 defuit
1318 2285 1510 2321 nimirum
1534 2287 1628 2322 ante
1652 2286 1756 2322 hano
1779 2285 2095 2338 adnotationem,

434 2350 556 2394 priori
584 2350 843 2394 iungendam.
872 2350 984 2385 Idem
1013 2349 1226 2385 dicendum
1257 2349 1414 2384 videtur
1444 2349 1490 2384 de
1518 2348 1593 2385 269
1625 2349 1644 2384 1
1675 2350 1716 2384 01
1745 2348 1781 2386 3.

328 2411 406 2448 269
487 2411 511 2447 5
548 2411 606 2447 sic
641 2411 839 2447 scholium
877 2410 1073 2447 constitui
1111 2411 1274 2446 omissis
1313 2410 1517 2446 lemmatis
1548 2410 1704 2446 duobus
1734 2409 1958 2446 0111100110
1987 2406 2096 2444 ‘sed'.

433 2473 532 2510 Vide
562 2473 723 2510 Wessn.
753 2483 790 2518 p.
822 2472 906 2509 110.

329 2536 408 2573 270
490 2536 514 2572 2
542 2535 724 2572 ‘effectio'
755 2535 819 2571 Cic
847 2535 968 2571 Acad.
994 2534 1012 2570 Ι
1056 2533 1079 2570 6
1105 2535 1144 2570 et
1174 2533 1236 2570 24.

491 2599 510 2635 1
541 2598 736 2634 ‘deserere
766 2596 935 2637 cogaris’
966 2596 1164 2632 vitiosum
1193 2595 1310 2631 foret.

329 2660 404 2697 271
491 2660 510 2696 1
549 2660 638 2696 vide
674 2660 733 2703 adl
761 2658 847 2695 199.
935 2659 953 2694 1
973 2668 997 2692 α
1035 2657 1232 2694 scholium
1271 2666 1352 2693 non
1391 2658 1567 2702 pertinet
1596 2659 1645 2693 ad
1673 2656 1921 2702 Terentium,
1951 2656 2020 2692 sed
2047 2654 2095 2691 ad

437 2721 669 2766 exemplum
699 2731 721 2757 a
748 2721 904 2756 Donato
933 2719 1114 2762 citatum,
1139 2719 1229 2755 vide
1253 2728 1378 2763 supra
1406 2720 1454 2754 ad
1485 2717 1545 2755 38.
1577 2718 1647 2764 312,
1679 2718 1724 2755 cf.
1754 2717 1842 2755 285.
1875 2718 1909 2754 1.

331 2784 408 2821 272
491 2783 515 2820 2
543 2785 585 2820 01
614 2782 637 2820 3
666 2782 828 2819 futtilia.
914 2781 932 2816 1
963 2782 1004 2816 et
1033 2781 1058 2816 4
1086 2781 1203 2826 rhet.‚
1234 2780 1322 2816 vide
1351 2780 1400 2816 ad
1430 2779 1519 2816 238.

331 2845 409 2882 274
491 2845 514 2881 3
542 2844 659 2881 iuxta
687 2844 785 2880 Don.
818 2844 856 2887 1;
886 2842 1048 2878 initium
1077 2844 1306 2878 obscurum.

330 2907 408 2944 275
489 2915 657 2951 prorsus
685 2906 883 2949 ineptum,
912 2905 959 2939 de
987 2904 1150 2940 scholiis
1180 2913 1250 2949 per
1280 2904 1515 2939 ‘non-sed'
1546 2904 1593 2939 cf.
1621 2905 1668 2939 ad
1698 2914 1735 2940 v.
1768 2903 1853 2940 132.

332 2969 407 3005 277
495 2969 513 3004 1
545 2968 690 3004 futtile.
721 2967 745 3003 2
774 2967 820 3003 cf.
850 2967 948 3002 Don.
980 2965 1016 3010 3,
1047 2968 1087 3001 et
1117 2975 1304 3010 compara
1335 2965 1422 3001 349.
1454 2964 1489 3004 3.
1519 2965 1607 3002 409.
1641 2966 1673 3009 1,
1700 2965 1788 3003 705.
1819 2966 1854 3003 2.

333 3031 410 3067 278
492 3031 517 3066 4
545 3031 647 3066 satis
676 3030 824 3074 inepta,
853 3030 893 3064 et
923 3028 1070 3073 partim
1099 3029 1214 3063 iuxta
1242 3028 1341 3063 Don.
1372 3027 1459 3063 277.
1489 3027 1524 3063 5.

333 3092 411 3129 279
491 3091 658 3128 invertit
697 3100 799 3135 quae
837 3090 934 3126 Don.
977 3089 1077 3125 dixit
1117 3089 1158 3124 in
1200 3088 1225 3125 2
1261 3088 1488 3132 addiditque
1529 3090 1763 3135 exemplum
1798 3088 2090 3134 Vergilianum:
