2242 3443
311 231 501 260 Puonmo
1153 217 1237 257 334

306 346 382 381 272
463 344 487 381 2
525 344 649 388 1·liet.;
681 355 869 390 compara
898 354 988 380 cum
1019 343 1094 379 illis·
1131 343 1291 379 scholiis
1322 342 1624 379 semirhetorica
1653 342 1797 379 Donati
1827 344 1874 379 ad
1905 354 1974 380 vv.
2003 342 2079 382 273

420 417 547 451 usque
578 408 624 443 ad
656 407 744 444 282.
775 407 811 443 3.

308 470 385 506 280
468 469 492 505 2
522 469 609 505 vide
639 471 685 505 ad
717 469 806 505 211.
839 468 873 505 3.
959 467 1033 504 281
1068 468 1091 502 4
1121 467 1226 503 rhet.

309 531 385 567 284
466 532 554 567 vide
585 533 632 566 ad
664 531 753 568 205.
784 531 821 567 2.
905 530 982 566 286
1013 531 1031 566 1
1066 530 1169 565 rhet.

308 593 383 629 287
468 594 491 629 2
520 593 636 629 iuxta
666 594 763 628 Don.
796 594 812 628 1
847 595 888 628 et
918 594 1129 636 sumptum
1160 591 1333 627 fortasse
1364 601 1415 627 ex
1446 592 1567 636 Eugr.
1599 592 1647 627 ad
1677 591 1713 626 h.
1746 601 1781 626 v.

309 655 384 691 292
468 654 490 691 3
530 655 749 691 scholiasta
786 655 916 691 locum
955 653 1118 689 omnino
1153 662 1232 688 non
1262 653 1514 690 intellexisse
1542 654 1713 698 videtur,
1744 663 1836 689 cum
1863 654 1979 698 putet
2009 663 2079 698 pro

417 716 648 753 ‘servum'
689 717 877 761 usurpari
916 717 1039 752 etiam
1078 715 1260 759 potuisse
1291 716 1400 759 ‘me’;
1433 718 1473 752 et
1503 715 1735 760 exemplum
1766 715 1900 751 minus
1925 715 2079 752 iustum

412 781 475 814 est
504 789 625 822 quam
656 779 952 814 Sallustianum
981 777 1138 814 Donati.

308 841 380 877 297
466 840 511 876 cf.
543 840 635 876 Hec.
666 842 753 877 746.
787 843 820 877 1.
904 840 981 876 302
1015 840 1038 875 2
1069 839 1114 875 cf.
1145 840 1209 876 60.
1241 839 1276 876 3.
1361 839 1440 876 305
1469 840 1492 875 2
1521 839 1638 875 iuxta
1666 839 1766 875 Don.
1797 840 1831 874 1.
1861 838 1925 877 45.

307 903 380 939 307
466 903 663 939 scholium
694 903 794 938 rhet.
827 904 893 938 vix
924 903 1132 938 ferendum
1166 904 1259 946 post
1288 901 1389 937 Don.
1419 901 1508 938 306.

306 966 382 1001 312
468 966 485 1000 1
518 965 617 1000 Eun.
649 965 737 1001 635.
771 967 803 1000 1.
889 966 964 1001 313
994 965 1017 1000 2
1047 964 1093 1000 cf.
1125 965 1199 999 An.
1231 964 1293 999 24.
1323 963 1358 1009 3,
1391 963 1462 1000 Ph.
1492 964 1581 1001 350.
1612 965 1646 1000 6.

307 1027 383 1063 314
467 1027 566 1062 Eun.
596 1027 686 1064 439.
719 1029 752 1071 1,
784 1027 853 1062 Ph.
886 1026 971 1063 157.
1003 1027 1037 1063 5.

306 1089 382 1124 315
467 1090 484 1124 1
527 1090 573 1124 cf.
612 1090 712 1124 Eun.
751 1088 839 1126 232.
873 1090 905 1125 1.
1005 1089 1024 1124 1
1057 1099 1080 1123 α,
1108 1098 1189 1124 non
1220 1088 1422 1124 immerito
1452 1087 1609 1124 notavit
1638 1087 1815 1132 Wessn.,
1843 1086 1961 1130 idque
1990 1095 2077 1131 pro-

412 1151 520 1187 bavit
563 1153 599 1187 in
642 1161 730 1196 app.
815 1152 838 1188 3
869 1151 1079 1187 ‘scholium
1110 1149 1357 1195 parallelum’
1386 1150 1484 1185 Don.
1514 1149 1564 1195 2i,
1595 1150 1816 1185 secundum
1845 1148 2007 1184 Wessn.
2036 1148 2075 1183 in

412 1223 515 1258 app.,
560 1215 629 1250 sed
669 1214 757 1250 vide
795 1213 917 1259 praef.
958 1215 1003 1250 de
1043 1213 1165 1249 schol.
1207 1214 1298 1251 sim.
1329 1213 1376 1249 ad
1402 1213 1471 1248 Ph.
1584 1213 1609 1248 4
1637 1224 1661 1248 a
1689 1213 1830 1248 contra
1856 1211 1955 1247 Don.
1982 1210 2008 1246 4
2035 1211 2078 1246 et

411 1275 456 1312 cf.
487 1275 573 1312 113.
603 1276 637 1312 2.

305 1339 381 1374 318
465 1339 483 1374 1
517 1339 562 1374 cf.
593 1339 693 1374 Eun.
728 1338 815 1375 381.
847 1340 880 1375 1.
967 1339 990 1376 3
1021 1339 1067 1375 cf.
1098 1339 1197 1374 Eun.
1231 1338 1345 1376 1060.
1375 1339 1411 1375 2.

305 1402 381 1438 319
462 1401 486 1436 4
515 1403 555 1436 et
585 1400 620 1445 5,
651 1401 806 1436 dubit-at
835 1402 957 1437 etiam
988 1401 1166 1437 Sloman.

304 1463 380 1498 322
463 1464 481 1498 1
515 1464 588 1499 Ad.
618 1462 680 1500 60.
710 1462 746 1508 3,
778 1463 848 1499 Ph.
880 1464 969 1500 217.
1000 1464 1035 1500 2.
1120 1464 1144 1500 2
1173 1463 1290 1499 iuxta
1320 1464 1416 1499 Don.
1451 1464 1488 1499 4.

303 1524 381 1561 324
464 1526 482 1561 1
530 1525 604 1561 hoc
642 1526 865 1569 genuinum
902 1535 994 1562 esse
1034 1536 1113 1561 non
1154 1525 1318 1561 affirmo.
1404 1525 1427 1562 5
1466 1525 1522 1561 sic
1559 1526 1682 1561 etiam
1721 1524 1882 1561 Sloman
1921 1525 1962 1560 et
1991 1523 2072 1559 Dzi.

410 1587 538 1624 citans
568 1587 783 1623 Donatum.
878 1587 900 1624 6
929 1590 968 1624 et
999 1588 1021 1624 7
1050 1588 1217 1624 inventa
1246 1587 1314 1623 vix
1343 1597 1438 1624 vera
1466 1588 1512 1624 ct.
1543 1588 1630 1624 696.
1661 1586 1780 1623 Otto
1810 1586 2008 1631 Sprichw.
2035 1596 2071 1631 p.

409 1649 484 1685 242
514 1650 560 1685 de
589 1649 671 1684 his:
704 1649 884 1686 ‘letztere
914 1649 1172 1694 Vermutung
1201 1651 1254 1685 ist
1285 1650 1395 1686 nicht
1423 1650 1703 1686 annehmbar'.

303 1711 379 1747 326
462 1711 485 1747 2
514 1712 629 1747 iuxta
657 1711 746 1758 327,
776 1714 821 1747 ut
852 1712 951 1747 vidit
981 1711 1142 1748 Wessn.
1254 1712 1332 1749 329
1360 1712 1396 1748 2.
1427 1711 1450 1748 3
1479 1712 1525 1748 cf.
1557 1712 1643 1748 127.
1675 1711 1711 1748 5.
1742 1712 1778 1748 6.

303 1773 379 1809 332
463 1773 485 1810 3
515 1773 616 1809 Eun.
646 1774 735 1810 816.
765 1774 801 1819 2,
833 1775 906 1809 Ad.
937 1773 1028 1811 950.
1057 1775 1093 1810 2.
1179 1774 1201 1811 6
1230 1774 1346 1810 iuxta
1375 1774 1474 1810 Don.
1505 1774 1550 1818 55
1582 1774 1628 1810 cf.
1658 1775 1735 1809 Mn.
1766 1773 1827 1810 35.
1858 1773 1946 1811 288.

303 1834 379 1870 333
461 1835 484 1871 2
514 1835 614 1871 Eun.
647 1836 732 1872 115.
764 1837 838 1871 Ad.
869 1835 945 1873 302
976 1836 1024 1872 al.
1108 1837 1187 1873 339
1216 1838 1235 1872 1
1268 1837 1357 1872 vide
1387 1834 1548 1872 Wessn.
1579 1845 1669 1881 app.

303 1895 377 1932 341
462 1897 486 1932 4
518 1907 542 1932 a
571 1897 892 1933 additamentum
921 1899 1114 1934 otiosum.

302 1957 378 1994 343
460 1958 485 1994 2
514 1958 635 1995 Prisc.
663 1959 700 1995 2.
730 1959 792 1996 84.
826 1960 894 1996 17:
925 1960 1213 2004 ‘potissimum’
1243 1960 1296 2004 (h.
1322 1960 1345 1995 l.
1373 1960 1477 2002 Ter.)
1503 1970 1574 2005 pro
1602 1960 1841 2005 ‘optimum’.
1868 1959 2070 1997 scholium

408 2020 505 2056 mihi
535 2024 772 2066 suspectum
802 2024 866 2057 est
895 2024 1058 2067 propter
1088 2023 1319 2067 exemplum
1349 2022 1480 2059 Plauti
1510 2032 1533 2058 a
1561 2032 1603 2058 re
1630 2022 1807 2058 alienum
1835 2023 1876 2059 et
1899 2022 2069 2068 philoso·

408 2082 540 2127 plenia
568 2084 674 2127 quod
703 2084 924 2128 praecedit:
958 2086 1016 2119 ‘ut
1045 2084 1084 2119 in
1115 2094 1156 2120 re
1187 2085 1298 2120 omni
1328 2085 1418 2120 etc.'

301 2144 376 2180 348
460 2146 478 2181 1
520 2154 611 2181 cum
648 2145 832 2182 Donatus
862 2146 902 2182 in
931 2147 1254 2182 commentandis
1284 2147 1346 2183 his
1376 2146 1521 2183 fabulis
1552 2148 1757 2184 doctorem
1787 2147 2070 2192 grammatices

407 2207 666 2251 potissimum
703 2218 746 2244 se
776 2218 914 2251 gerere
943 2209 1129 2254 voluerit,
1160 2219 1239 2245 non
1270 2219 1371 2252 raro,
1403 2210 1469 2245 ubi
1497 2211 1543 2245 de
1571 2210 1692 2245 rebus
1719 2219 1830 2246 mere
1860 2209 2070 2246 rhetoricis

406 2268 596 2314 loquitur,
624 2269 745 2306 huius
775 2272 884 2306 artes
912 2271 1161 2315 professores
1191 2273 1374 2308 modeste
1404 2274 1610 2316 tamquam
1640 2274 1824 2308 auctores
1849 2281 1947 2308 suos
1971 2272 2068 2308 cele-

406 2330 508 2376 brat,
537 2332 594 2367 sic
622 2331 660 2367 h.
689 2332 712 2368 l.
743 2331 801 2368 ‘ut
828 2333 1057 2369 rhetoribus
1088 2333 1242 2378 placet’,
1273 2333 1347 2371 283
1380 2334 1490 2370 ‘haec
1515 2336 1620 2379 apud
1648 2336 1828 2370 oratores
1853 2335 1940 2370 etc’.
1966 2334 2066 2370 Eun.

409 2393 493 2428 144.
533 2393 569 2438 2,
605 2393 695 2429 alibi
723 2394 899 2439 saepius.
929 2395 982 2431 Cf.
1014 2396 1137 2440 praef.
1168 2395 1244 2432 vol.
1275 2396 1293 2431 I
1323 2406 1359 2440 p.
1390 2396 1446 2431 IV
1475 2397 1620 2432 Mnem.
1650 2395 1712 2433 33.
1744 2396 1819 2433 140
1849 2405 1906 2440 sq.
1937 2396 1985 2431 al.
2024 2415 2059 2420 —

407 2454 591 2491 Ceterum
632 2457 804 2492 mediam
834 2456 973 2493 scholii
1004 2460 1181 2502 partem:
1214 2458 1389 2502 ‘quidam
1419 2459 1587 2495 absente
1616 2456 1730 2504 patre
1753 2479 1788 2484 -
1812 2461 1954 2495 contra
1983 2458 2068 2495 dici-

408 2517 487 2551 tur’
517 2517 639 2553 etiam
670 2528 693 2553 a
721 2518 877 2555 Donato
907 2519 1166 2555 derivandam
1195 2529 1288 2556 esse
1317 2530 1396 2556 non
1423 2521 1561 2565 credo;
1587 2520 1708 2557 refert
1733 2521 1905 2557 formam
1928 2530 2068 2564 quaes—

410 2578 567 2614 tionum
597 2580 859 2616 notissimam
889 2590 909 2616 e
934 2581 1109 2617 Senecae
1136 2582 1436 2627 controversiis,
1463 2592 1485 2618 a
1507 2582 1703 2627 magistro
1728 2583 1902 2626 quodam
1928 2583 2071 2627 postea

408 2640 703 2685 interpositam.

301 2702 379 2738 350
460 2702 484 2738 2
512 2702 557 2738 cf.
587 2703 675 2740 313.
706 2704 743 2739 2.
766 2704 791 2749 ¹)
821 2704 843 2741 5
873 2705 1019 2749 repetit
1049 2704 1130 2741 fere
1159 2706 1259 2741 Don.
1289 2706 1314 2741 4
1343 2707 1383 2742 et
1414 2706 1436 2743 6
1468 2707 1565 2743 Don.
1595 2707 1657 2743 21.
1906 2737 1909 2742 .

302 2763 377 2800 352
458 2764 480 2800 3
521 2765 844 2802 additamentum
885 2767 1090 2812 ineptum;
1129 2777 1298 2804 scaenae
1336 2769 1570 2805 oeconomia
1598 2770 1780 2814 postulat
1806 2769 1900 2805 illud
1932 2768 2067 2812 ‘nogat

407 2828 637 2869 cognatam·
677 2830 717 2863 et
760 2829 945 2873 repudiat
981 2829 1154 2865 alterum
1191 2830 1289 2865 illud
1326 2830 1503 2875 ‘expellit
1540 2831 1608 2867 Ph.
1649 2831 1753 2877 De.’;
1783 2831 1933 2868 accedit
1961 2829 2066 2875 quod

408 2887 659 2932 expulsionis
689 2890 844 2926 mentio
873 2890 918 2926 fit
946 2890 1108 2926 demum
1141 2901 1176 2926 v.
1207 2892 1296 2928 425.

346 3084 370 3127 λ)
397 3084 450 3119 De
482 3086 637 3121 scholiis
662 3087 694 3121 A
721 3090 757 3122 et
787 3087 815 3122 B
841 3089 888 3123 ad
914 3101 964 3123 sc.
990 3089 1022 3124 ll
1047 3090 1069 3124 3
1094 3090 1177 3126 vide
1202 3104 1298 3135 quae
1325 3092 1518 3138 disputavi
1543 3093 1580 3129 in
1606 3092 1840 3138 praefatione
1865 3095 1902 3129 et
1926 3092 2061 3129 Mnem-

306 3137 360 3170 35.
384 3136 450 3171 fflss
474 3150 555 3182 sqq.
579 3140 634 3181 (z
649 3139 711 3174 lib.
737 3153 772 3185 p.
803 3142 866 3176 116
889 3144 998 3187 sqq).

2171 617 2191 655 a!

2175 666 2193 708 υ)

2168 710 2195 756 ι’·

2171 772 2193 813 ,ι

2171 814 2187 866 l
