2242 3443
115 269 192 305 899

113 453 190 488 903

114 513 191 549 904

114 574 191 611 914

111 1622 188 1659 915

107 2113 184 2149 918

107 2481 184 2516 919

107 2542 180 2577 927

107 2605 183 2641 928

105 2667 182 2703 929

104 2854 179 2891 931

106 2977 183 3014 934

955 147 1038 185 315

276 269 293 304 1
335 268 381 306 cf.
418 267 505 304 558.
539 268 562 303 2
593 277 691 302 usus
720 268 760 302 et
790 267 965 302 definitio
996 268 1175 302 vocabuli
1205 269 1422 304 sanctus
1452 278 1618 312 prorsus
1648 260 1870 315 peculiaris,

221 339 392 373 quocum
431 329 476 364 cf.
515 328 791 364 Trebatius
834 329 939 371 apud
979 328 1219 364 Macrobium
1252 330 1310 364 ΙΙΙ
1340 329 1375 365 3.
1406 329 1429 365 5
1460 340 1542 373 sqq.
1653 331 1676 366 4
1708 343 1731 366 α
1761 334 1868 367 nota*

219 392 275 425 vit
305 390 464 425 Wessn.
589 390 663 425 901
750 390 767 424 1
801 390 847 424 ad
877 390 964 425 883.
1076 390 1098 425 2
1129 389 1248 426 ‘hem'
1279 392 1325 426 ad
1356 390 1444 427 260.
1473 392 1509 427 7.

275 453 292 487 1
326 451 448 487 schol.
480 451 576 486 mihi
605 450 705 486 satis
736 451 986 494 suspectum.

273 513 295 548 2
328 513 487 549 Wessn.
517 512 555 547 in
585 522 674 556 app.
757 512 779 547 3
812 511 924 546 valde
953 515 1204 555 suspectum.

275 575 291 610 1
325 575 370 610 cf.
402 576 448 609 ad
480 576 554 609 An.
584 574 672 610 824.
702 573 757 608 De
786 582 926 608 versus
957 573 1186 608 Terentiam
1216 574 1550 618 interpretatione
1579 576 1757 611 nondum
1783 586 1870 611 con—

220 638 303 671 stat
344 636 447 671 inter
490 637 678 679 editoreS,
717 634 857 669 idcirco
896 636 1016 669 etiam
1053 635 1099 670 de
1135 635 1380 671 scholiorum
1410 635 1606 671 divisione
1633 647 1779 680 anceps
1809 640 1869 672 est

219 698 419 733 iudicium.
463 697 546 741 Ego
587 697 741 731 Donato
777 695 863 730 dedi
899 695 1072 739 primum
1111 697 1133 732 3
1172 699 1211 732 et
1240 697 1276 741 4,
1306 698 1345 731 in
1377 697 1520 741 quibus
1549 698 1705 732 dubitat
1734 700 1870 732 utrum

221 760 367 794 Demea
421 759 540 794 verba
596 758 698 792 ‘iube
754 766 860 792 nunc
909 757 1001 792 iam’
1055 758 1213 792 absenti
1262 758 1416 794 Micioni
1473 758 1577 793 dicat
1628 769 1676 793 an
1735 768 1870 794 secum

219 821 290 862 (sic
330 820 556 855 Bentleius:
601 819 817 854 ‘neminem
859 818 922 853 hic
955 818 1184 864 alloquitur,
1223 829 1390 855 aversus
1423 820 1497 854 hoc
1527 820 1660 863 dicit'),
1689 830 1805 863 porro
1835 822 1871 864 0,

219 882 387 925 denique
420 881 508 917 915.
536 881 573 924 4,
604 880 669 915 ubi
697 881 863 924 apparet
892 880 1096 915 Donatum
1127 881 1365 925 decrevisse,
1395 881 1516 916 verba
1544 880 1609 916 illa
1639 880 1741 916 ‘iube
1766 890 1872 917 nunc

219 944 311 979 iam'
342 943 445 979 dicta
473 951 565 978 esse
594 951 617 976 a
644 941 790 976 Demea
821 940 937 984 ‘apud
968 941 1038 976 se'.

272 1004 317 1038 In
347 1003 496 1039 scholio
523 1003 612 1040 914.
642 1003 664 1038 5
695 1002 891 1046 repetitur
916 1002 1078 1037 initium
1103 1003 1142 1038 et
1166 1002 1258 1037 finis
1284 1003 1425 1038 scholii
1448 1003 1470 1039 3
1489 1003 1608 1045 Don.;
1627 1003 1718 1045 quid
1734 1005 1870 1038 autem

218 1065 441 1101 faciendum
475 1065 528 1100 sit
557 1064 688 1099 verbis
717 1064 970 1108 interpositis
999 1063 1144 1100 misere
1172 1064 1384 1110 corruptis,
1414 1064 1561 1100 nescio.
1592 1064 1871 1100 Hartmannus

218 1127 315 1162 vidit
345 1134 394 1170 (p.
429 1127 516 1169 184)
547 1125 743 1161 scholium
773 1135 864 1161 esse
893 1126 951 1160 ‘de
981 1126 1211 1171 acerbitate,
1240 1135 1341 1169 quae
1368 1126 1504 1162 inesse
1533 1126 1662 1161 soleat
1689 1127 1870 1162 coniunc-

219 1188 317 1224 tioni
367 1198 510 1232 nunc,
562 1187 596 1222 si
648 1187 886 1230 imperativo
928 1187 1122 1222 addatur'.
1167 1187 1412 1223 Wessnerus
1454 1188 1682 1232 proposuit:
1728 1189 1871 1224 ‘nunc¹

220 1250 467 1294 minarel',
499 1249 645 1284 ‘nunc
674 1249 747 1283 sis
778 1249 1008 1293 obsiste',
1038 1258 1129 1284 cum
1159 1248 1407 1296 <quem>
1436 1249 1627 1285 afflictum
1657 1251 1870 1294 tenemus',

223 1313 319 1347 —ut
348 1310 536 1355 exempla
564 1310 737 1345 citentur
764 1310 869 1345 illius
897 1320 1012 1355 usus,
1041 1312 1148 1354 quod
1178 1311 1278 1346 satis
1306 1311 1524 1347 verisimile
1553 1312 1617 1345 est
1645 1314 1807 1354 propter
1835 1311 1871 1345 id

219 1375 323 1417 quod
353 1372 555 1416 sequitur:
587 1372 672 1407 ‘ita
700 1373 740 1407 et
768 1372 918 1407 Demea
946 1372 1033 1408 599.
1065 1373 1251 1408 Ceterum
1279 1383 1302 1408 a
1330 1373 1580 1408 restituendo
1613 1372 1799 1416 exemplo
1830 1372 1869 1407 in

218 1435 370 1471 scholio
399 1444 478 1469 non
506 1433 681 1477 genuino
711 1433 910 1469 abstinere
939 1434 1070 1469 satius
1099 1436 1174 1470 est.
1199 1435 1254 1469 De
1279 1435 1407 1469 abusu
1433 1433 1652 1478 particulae
1677 1433 1814 1477 ‘quasi’
1831 1434 1870 1468 in

219 1496 368 1541 spuriis
407 1495 494 1530 vide
532 1496 608 1533 An.
647 1495 735 1540 249,
764 1495 851 1539 252,
881 1495 957 1531 306
986 1497 1063 1531 etc.
1146 1496 1168 1531 7
1199 1495 1377 1531 otiosum
1406 1502 1445 1531 et
1473 1496 1541 1530 vix
1570 1496 1726 1530 rectum
1753 1495 1870 1530 iuxta

218 1558 341 1594 schol.
369 1557 560 1593 Donatea.

269 1620 291 1656 2
334 1618 530 1654 scholium
573 1620 824 1663 suspectum,
862 1618 1129 1654 ‘dinumerare
1166 1619 1395 1663 argentum’
1434 1619 1575 1654 tritum
1605 1619 1668 1654 est
1695 1618 1868 1655 comicis.

215 1680 372 1718 Scholia
403 1681 421 1716 1
452 1681 492 1715 et
520 1681 557 1723 3,
586 1689 676 1715 cum
707 1680 890 1715 Donatus
919 1680 1040 1715 aliam
1068 1680 1282 1716 lectionem
1313 1681 1471 1725 praeter
1500 1679 1587 1715 ‘ille’
1609 1680 1773 1715 novisse
1787 1689 1867 1715 non

214 1743 410 1784 videatur,
452 1741 689 1786 proscrips13
730 1742 776 1776 de
814 1741 894 1775 XX
931 1741 1052 1776 minis
1091 1742 1348 1786 Chesiphoni,
1383 1741 1531 1786 lenoni,
1570 1742 1769 1776 Aeschino
1798 1743 1868 1777 aut

212 1805 315 1849 Syro
357 1803 495 1838 dandis
530 1803 698 1846 cogitari
735 1803 803 1837 vix
840 1804 987 1846 potest.
1027 1803 1233 1838 Bentleius
1263 1806 1370 1838 recte
1396 1803 1507 1847 vidit,
1537 1812 1690 1847 opinor,
1720 1804 1868 1837 ‘dinu·

215 1866 379 1902 meret
417 1864 499 1900 XX
537 1864 730 1909 minas',
771 1874 822 1899 ex
860 1865 1136 1900 recordatione
1165 1865 1285 1909 pretii
1313 1874 1435 1908 quam
1464 1865 1576 1900 Micio
1605 1874 1675 1908 pro
1704 1864 1870 1908 psaltria

214 1928 376 1963 dederat
404 1929 454 1968 (v.
486 1926 585 1967 191),
616 1926 765 1961 dictum
795 1935 884 1961 esse
914 1935 984 1970 pro
1014 1926 1156 1969 quavis
1186 1927 1377 1970 pecuniae
1402 1935 1576 1971 summa,
1601 1934 1721 1968 quam
1738 1935 1869 1969 sump-

215 1990 323 2024 tibus
351 1987 428 2022 illis
458 1987 510 2032 (v.
539 1987 615 2023 912
645 1990 745 2031 sqq.)
773 1987 938 2023 fratrem
968 1988 1154 2023 amittere
1182 1998 1291 2023 nunc
1318 1988 1468 2023 Demea
1496 1997 1576 2022 non
1602 1996 1725 2030 aeque
1748 1987 1870 2031 patie-

213 2053 300 2095 tur;
333 2050 407 2084 ‘hic
435 2059 530 2093 ergo
559 2049 724 2085 fratrem
753 2049 985 2095 ulciscitur',
1014 2051 1059 2084 ut
1087 2050 1142 2085 ait
1173 2050 1391 2085 Bentleius¹

268 2113 286 2147 1
333 2111 476 2146 ‘iacere
515 2113 617 2154 quod
653 2111 742 2147 ille
779 2111 820 2146 in
848 2112 982 2146 animo
1012 2121 1087 2147 suo
1115 2112 1223 2147 velit’
1254 2112 1292 2147 h.
1321 2121 1355 2146 e.
1385 2111 1522 2155 igitur,
1552 2110 1655 2154 quod
1684 2109 1869 2145 Sostrata

211 2174 379 2217 eiusque
415 2173 629 2217 propinqui
666 2174 708 2208 et
736 2172 885 2208 familia
913 2173 1050 2208 velint.
1080 2173 1201 2209 Recte
1230 2173 1288 2208 sic
1315 2173 1451 2208 Kauer
1477 2172 1632 2215 aliique.
1661 2171 1747 2207 Iam
1774 2179 1867 2205 vero

211 2236 252 2270 in
284 2236 301 2270 1
334 2246 358 2270 α
386 2234 652 2278 interpolator
681 2234 881 2269 contraria
907 2235 1064 2270 ratione
1093 2235 1243 2278 cogitat
1267 2235 1315 2270 de
1341 2236 1512 2270 mente
1539 2234 1578 2269 h.
1604 2243 1636 2269 e.
1665 2234 1711 2268 de
1734 2233 1867 2267 animo

211 2306 290 2332 non
330 2296 560 2341 accipientis
599 2297 818 2341 Sostratae,
858 2297 926 2331 sed
965 2297 1210 2340 praestantis
1239 2298 1425 2341 Demeae,
1454 2305 1678 2340 perperam.
1709 2295 1866 2330 Tertius

211 2357 355 2399 aliq-uis
384 2358 424 2392 in
453 2358 476 2393 2
506 2358 580 2393 hoc
607 2358 805 2401 corrigere
835 2357 972 2401 voluit,
1004 2359 1073 2393 sed
1102 2368 1180 2393 non
1207 2360 1345 2402 aperte
1368 2358 1557 2393 indicavit
1583 2367 1633 2392 ex
1657 2356 1867 2392 cuiusnam

213 2419 347 2454 animo
376 2420 438 2454 vel
467 2420 671 2454 sententia
699 2419 810 2454 ‘bene
840 2419 1002 2454 factum'
1032 2419 1256 2464 intellegat.

266 2481 312 2515 de
343 2481 495 2526 ‘deest’‚
524 2481 697 2516 ‘desunt’
728 2481 816 2515 vide
845 2482 892 2515 ad
922 2481 1008 2517 110.

265 2542 288 2577 2
317 2542 533 2578 relationes
560 2544 697 2590 falsae,
728 2545 817 2580 vide
846 2547 893 2581 ad
922 2546 985 2582 45.
1014 2546 1051 2589 3⁷
1082 2546 1120 2581 et
1149 2545 1195 2581 cf.
1224 2545 1328 2580 infra
1356 2545 1443 2581 991.
1477 2545 1510 2579 1.
1594 2544 1617 2579 3
1647 2541 1693 2579 cf.
1718 2541 1806 2578 352.
1832 2541 1867 2577 3.

266 2605 311 2640 cf.
341 2605 478 2641 Kauer
508 2608 556 2642 ad
585 2618 622 2642 v.
651 2607 741 2643 491.

265 2668 283 2702 1
327 2668 492 2711 elegans
534 2669 766 2713 exemplum
810 2670 947 2706 scholii
990 2671 1280 2707 semirhetorici
1319 2670 1475 2713 Donati,
1514 2669 1617 2713 quod
1658 2667 1869 2712 praecipue

212 2729 425 2764 verborum
467 2730 795 2774 interpretationi
835 2733 1017 2768 inservit.
1061 2733 1160 2769 Vide
1203 2733 1338 2768 adnot.
1382 2734 1551 2776 primam
1590 2730 1637 2764 ad
1674 2728 1867 2764 Andriam

213 2792 289 2827 vol.
319 2792 337 2826 Ι
367 2792 442 2828 239
472 2802 529 2835 sq.
613 2793 635 2828 2
668 2793 770 2828 rhet.
801 2795 846 2829 ut
874 2795 961 2830 936.
991 2795 1035 2840 33
1065 2796 1154 2832 938.
1184 2796 1219 2831 2.

264 2854 405 2898 2=4‚
447 2854 527 2888 nisi
564 2855 667 2897 quod
707 2856 745 2889 in
784 2856 858 2891 hoc
895 2856 995 2892 falso
1024 2857 1203 2893 additur:
1238 2856 1285 2891 ‘si
1310 2856 1387 2891 illis
1417 2856 1632 2891 coheredes
1661 2863 1752 2890 esse
1781 2862 1868 2897 pro-

210 2915 404 2950 creandas
433 2916 628 2960 suadeas,
659 2926 752 2960 pro:
782 2918 829 2951 ‘si
858 2917 933 2952 illis
963 2919 1177 2954 coheredes
1207 2921 1407 2963 procreari
1436 2919 1557 2954 etiam
1588 2915 1773 2962 possint’.

268 2978 286 3013 1
318 2976 364 3015 cf.
394 2976 482 3013 697.
515 2976 538 3011 2
568 2986 658 3012 cum
688 2979 862 3014 Andriae
890 2979 988 3015 loco.
1072 2981 1094 3016 3
1124 2983 1162 3016 et
1192 2981 1215 3016 5
1247 2981 1417 3015 duorum
1450 2979 1867 3025 magistrorumiuxta

238 3038 338 3074 Don.
368 3038 407 3073 in
436 3039 471 3075 6.
850 3044 852 3046 ·
