2242 3443
1020 162 1104 199 219

183 292 232 328 29
362 298 593 328 VOLUNTAS
626 298 791 325 vasi-ru
825 297 862 324 SI
895 297 954 325 AD
987 297 1023 325 P.
1059 299 1100 324 A.
1137 297 1175 324 n.
1210 297 1245 324 o.
1281 286 1331 324 ‘si
1366 285 1569 323 voluntas
1596 285 1844 323 accesserit’
1864 294 1937 332 pro

301 362 351 401 ‘si
383 363 598 402 faveritis’
633 373 756 401 nove.
791 369 844 408 (α)

500 448 523 472 α
553 437 701 472 scilicet
719 434 748 481 l)
777 436 1105 472 voluntatem
1136 446 1205 480 pro
1235 436 1403 471 favore
1430 435 1554 479 ponit.

180 512 232 549 30
363 511 381 546 1
432 519 598 547 ADEs'rE
646 517 789 553 AEQUO
836 518 975 546 Animo
1018 507 1141 546 favor
1183 508 1226 545 in
1260 506 1483 546 comoedia
1515 505 1739 544 silentium
1772 508 1922 553 specta

299 584 407 622 toris
439 585 519 632 est,
553 586 669 623 recte
702 594 803 632 ergo
836 584 1000 622 addidit
1032 583 1120 631 ‘per
1151 583 1408 621 silentium’.

498 658 522 694 2
550 667 681 700 AEQUO
712 667 837 693 ANmo
866 667 974 693 nunc
1003 657 1224 701 propositio
1254 659 1330 692 est.

179 734 226 770 31
358 739 413 768 NE
456 740 592 769 SIMILI
624 739 808 768 UTAMUR
840 739 1044 768 FORTUNA
1076 737 1218 773 ATQUE
1249 738 1320 767 usr
1352 738 1495 766 snmus
1526 738 1579 765 ne
1612 728 1817 776 populum
1852 728 1932 767 lae·

296 805 419 844 deret
450 805 672 844 fortunam
707 805 865 844 maluit
898 815 1120 844 accusare.

177 885 227 920 32
364 883 382 920 1
434 892 522 921 CUM
570 892 650 921 PER
697 892 939 921 TUMULTUM
980 891 1144 920 Nos‘rER
1185 882 1366 929 apparet
1408 880 1625 928 Hecyram
1670 882 1770 918 ante
1810 879 1936 917 Phor-

295 958 488 996 mionem
522 960 667 996 actam
694 968 803 1006 esse,
833 958 900 996 cui
929 957 1111 1005 contigit
1138 957 1179 995 id
1207 957 1319 1004 quod
1347 957 1542 1004 queritur
1559 956 1769 1004 populum
1787 956 1934 993 subac-

294 1044 469 1072 cusans.
520 1035 544 1072 2
590 1044 756 1074 NOSTER
797 1044 913 1073 GREx
955 1044 1096 1072 morus
1138 1044 1213 1072 EST
1256 1043 1359 1071 Loco
1393 1033 1552 1071 locus
1585 1033 1653 1070 est
1686 1031 1934 1070 distributio

291 1111 554 1158 temporum,
589 1120 700 1158 quae
734 1111 887 1158 cuique
920 1111 963 1148 in
996 1109 1298 1158 spectaculum
1334 1110 1520 1148 venturo
1553 1107 1852 1146 attribuuntur
1884 1107 1935 1145 ab

293 1185 529 1234 aedilibus;
573 1187 686 1224 unde
731 1186 838 1225 ‘loco
881 1187 1043 1225 motus‘
1087 1186 1258 1234 dicitur,
1301 1186 1374 1233 qui
1417 1194 1520 1224 suas
1553 1185 1681 1223 horas
1714 1193 1797 1222 non
1830 1183 1933 1221 obti-

290 1262 434 1300 nuerit
481 1262 595 1301 inter
642 1263 951 1310 praecedentes
999 1264 1042 1302 et
1083 1264 1410 1310 consecuturos,
1453 1270 1506 1308 (α)
1548 1262 1573 1300 3
1616 1261 1679 1299 sic
1710 1262 1754 1298 et
1786 1258 1933 1298 Cicero

293 1337 350 1377 (in
384 1336 509 1378 Catil.
529 1338 568 1376 2.
592 1341 628 1379 1)
664 1337 770 1377 ‘loco
804 1338 874 1377 ille
908 1340 1057 1377 motus
1088 1341 1169 1387 est,
1205 1348 1304 1377 cum
1338 1340 1407 1376 est
1439 1348 1492 1376 ex
1525 1336 1631 1375 urbe
1663 1336 1844 1384 pulsus'.

493 1411 517 1448 2
546 1422 571 1447 α
598 1422 693 1457 ergo
724 1413 894 1458 proprie.

173 1490 223 1525 33
356 1484 375 1522 1
411 1494 528 1530 QUEM
555 1495 736 1524 Aoroms
764 1495 920 1524 vm'rus
948 1485 1106 1533 ubique
1134 1485 1284 1523 laudat
1312 1487 1530 1530 actorem;
1558 1485 1624 1522 est
1642 1483 1757 1521 enirn
1778 1484 1931 1530 poetae

293 1560 413 1600 utile.
458 1562 481 1600 2
526 1571 643 1606 QUEM
684 1572 865 1602 AcToms
907 1572 1063 1600 vintrus
1106 1562 1177 1609 qui
1210 1561 1416 1600 exclusus
1447 1560 1610 1599 totiens
1643 1559 1814 1597 animos
1847 1568 1930 1596 non

290 1637 510 1685 abiecerit,
545 1639 620 1676 sed
654 1639 1004 1686 perseveraverit
1037 1648 1187 1686 agere;
1221 1638 1316 1676 ideo
1351 1637 1519 1675 ‘virtus’
1548 1638 1629 1675 est.
1658 1638 1682 1675 3
1711 1645 1934 1673 RESTITUIT

286 1723 428 1752 Locum
471 1713 577 1752 bene
622 1714 830 1762 repetivit
873 1714 1061 1760 ‘locum'‚
1107 1717 1155 1752 ut
1196 1712 1444 1764 ἀμφιβολίαν
1479 1713 1652 1760 vitaret,
1685 1721 1738 1750 ne
1771 1706 1929 1758 ‘quem’

288 1790 343 1826 tu
359 1799 401 1827 m
417 1789 595 1827 ultum
628 1790 771 1828 dicere
804 1790 1037 1828 videretur.

169 1868 220 1904 34
352 1866 370 1902 1
407 1874 680 1910 BONITASQUE
714 1876 880 1904 vEs‘rRA
915 1876 1136 1905 ADIUTANS
1167 1875 1310 1910 ATQUE
1336 1875 1406 1904 ΑΕ.
1435 1864 1638 1902 ‘bonitas’
1666 1863 1708 1901 in
1726 1862 1929 1901 omnibus

284 1941 547 1989 generaliter
564 1941 707 1992 rebus,
729 1941 1080 1989 ‘aequanimitas'
1100 1942 1142 1980 in
1161 1941 1413 1990 spectando.
1433 1941 1457 1979 5
1476 1949 1746 1984 BONITASQUE
1765 1948 1929 1977 vEs'rRA

284 2026 337 2056 ne
369 2019 512 2057 totum
547 2019 684 2057 actori
712 2019 956 2057 attribuens
982 2018 1090 2056 nihil
1117 2018 1275 2067 populo
1302 2020 1473 2066 praeter
1501 2016 1671 2064 culpam
1701 2015 1929 2061 reliquisse

285 2092 517 2142 videretur,
561 2095 740 2133 honoris
781 2104 913 2133 causa
945 2094 1025 2132 hoc
1058 2094 1237 2132 addidit.
1271 2095 1296 2132 6
1328 2102 1552 2132 ADIUTANs
1584 2092 1647 2130 sic
1678 2091 1928 2129 maluerunt

286 2170 458 2208 veteres
484 2180 616 2217 quam
646 2170 886 2208 ‘adiuvans'
917 2171 1084 2209 dicere:
1114 2170 1280 2208 Ennius
1307 2171 1422 2210 (ann.
1442 2179 1481 2207 V.
1501 2168 1586 2207 386
1604 2167 1657 2206 Μ.
1678 2182 1731 2197 =
1751 2167 1835 2205 335
1854 2161 1924 2210 V2)

286 2244 324 2283 ‘o
357 2244 466 2293 Tite,
500 2246 538 2284 si
571 2246 670 2293 quid
704 2256 783 2294 ego
816 2248 858 2284 te
890 2246 1040 2284 adiuto
1073 2256 1280 2285 curamve
1312 2245 1514 2284 levasso'.

485 2319 508 2355 2
537 2318 559 2339 *
588 2320 648 2354 An
690 2320 875 2355 ‘bonitas'
909 2320 948 2354 in
979 2319 1206 2364 spectandis
1236 2319 1297 2354 his
1328 2329 1428 2362 quae
1458 2319 1561 2354 bona
1589 2319 1698 2362 sunt,
1728 2315 1924 2359 ‘aequani-

431 2375 567 2408 mitas'
597 2374 635 2408 in
666 2374 925 2417 ignoscendis
956 2374 1063 2409 vitiis
1093 2376 1214 2417 atque
1243 2374 1425 2409 delictis?
1457 2372 1480 2408 3
1506 2373 1567 2407 An
1598 2370 1819 2411 ταυτολογία
1847 2370 1921 2404 est.

429 2426 453 2461 4
477 2428 539 2462 An
572 2426 756 2463 ‘bonitas’
787 2428 889 2463 circa
917 2437 1072 2473 omnes,
1102 2427 1421 2471 ‘aequanimitas’
1451 2427 1552 2462 circa
1581 2423 1841 2460 Terentium?

1026 2575 1057 2664 l

1025 2749 1060 2786 1ι

162 2866 212 2903 35
345 2865 362 2901 1
413 2875 576 2904 AMICUS
623 2875 801 2904 SUMMUS
842 2876 956 2904 MEUS
998 2877 1049 2904 ET
1093 2877 1334 2905 POPULARIS
1375 2867 1487 2915 quod
1519 2866 1560 2903 in
1594 2864 1796 2903 omnibus
1828 2863 1918 2901 fere

277 2941 530 2989 comoediis,
574 2941 617 2979 in
650 2941 808 2988 quibus
836 2941 1045 2990 perplexa
1077 2944 1338 2990 argumenta
1370 2944 1487 2987 sunt,
1519 2939 1612 2978 fieri
1643 2939 1766 2986 solet,
1800 2939 1841 2976 id
1873 2938 1917 2976 in

206 3056 228 3099 ¹)
255 3056 312 3092 lta
336 3058 546 3095 &abbadini
571 3062 670 3096 recte
698 3072 765 3105 pro
789 3060 870 3096 cod.
895 3059 918 3094 l.
942 3060 1031 3096 ‘sic'.
