2242 3443
163 954 238 989 232

165 1497 240 1531 233

164 1731 240 1766 2:34

168 2569 244 2604 235

171 2872 247 2907 236

1002 145 1084 184 251

313 271 514 309 cundiam
562 269 712 318 patris,
761 279 872 316 quae
919 279 1003 307 non
1051 271 1094 306 et
1134 267 1289 306 fiducia
1331 268 1570 306 defensoris
1613 269 1654 305 et
1695 266 1927 305 intervallo

313 346 524 394 temporis
566 347 814 383 evanescat.
857 346 881 383 3
916 354 1048 382 ITANE
1081 355 1260 382 TANDEM
1291 354 1470 382 UXOREM
1503 354 1637 381 DUXIT
1670 353 1755 381 non
1787 343 1927 390 potuit

315 421 620 460 vehementius
651 421 842 468 incipere
875 430 1007 469 quam
1039 422 1086 458 ut
1119 421 1211 468 ipse
1245 421 1410 458 crimen
1444 420 1557 467 quod
1590 419 1722 458 Obicit
1752 419 1926 457 mirare-

313 499 396 535 tur.
445 498 470 535 4
513 507 644 535 1TANE
688 506 867 534 TANDEM
910 507 948 535 v.
992 506 1032 534 D.
1078 492 1289 534 ‘tandum'
1324 496 1392 534 hic
1425 495 1651 543 expletiva
1683 494 1927 532 coniunctio

314 574 394 621 est,
439 574 486 610 ut
519 572 665 611 Cicero
699 571 840 611 (Catil.
871 573 906 610 1.
938 573 973 610 1)
1008 571 1246 619 ‘quousque
1279 572 1455 609 tandem
1490 570 1681 618 abutere,
1716 569 1929 609 Catilina’.

488 655 505 690 1
536 664 657 689 ITANE
695 664 859 689 TANDEM
904 664 1068 690 UXOREM
1112 663 1237 688 DUXIT
1275 662 1452 688 ANTIPHO
1483 662 1646 688 iNrUssu
1676 662 1754 687 MEO
1783 652 1821 686 in
1852 651 1925 686 hac

430 718 576 744 scaena
617 709 820 744 accusatio
862 711 926 744 est
955 711 993 743 et
1024 707 1284 744 contradictio
1315 718 1383 751 per
1411 708 1649 742 remotivam
1678 706 1927 750 qualitatem,

430 772 524 806 ergo
554 763 841 798 controversia.
873 763 895 798 5
927 772 1048 797 1TANE
1077 770 1243 797 TANTUM
1272 762 1334 798 hic
1360 763 1473 797 totus
1502 770 1646 796 versus
1677 762 1740 796 est
1769 760 1807 794 in
1838 760 1927 794 hoc:

430 826 479 851 an
509 816 660 852 factum
689 817 753 860 sit,
785 817 874 860 quid
906 816 1054 851 factum
1087 817 1152 859 sit,
1183 826 1206 852 a
1234 825 1312 860 quo
1342 815 1492 851 facturn
1523 816 1588 859 sit,
1620 816 1657 849 in
1689 814 1802 850 cuius
1835 814 1929 847 iniu-

435 870 535 905 riam
560 870 710 906 factum
736 870 800 905 sit.

372 951 390 986 1
436 960 516 988 NEO
559 961 685 989 MEUM
728 960 944 989 1MPEE1UM
987 960 1083 988 rara
1125 948 1413 998 ἀποσιώπησις.
1455 959 1584 997 quam
1619 958 1703 986 non
1737 947 1932 995 sequitur

313 1024 439 1064 ‘sed':
474 1026 622 1063 intulit
654 1027 770 1065 enim
804 1025 937 1073 ‘age’;
972 1027 1024 1066 (α)
1053 1026 1115 1063 sic
1143 1025 1372 1064 Lucretius
1399 1025 1453 1069 (2.
1478 1026 1545 1069 16)
1574 1024 1728 1063 ‘nonne
1758 1025 1930 1063 videre'.

313 1101 336 1138 2
381 1111 466 1139 ΑΘΕ
508 1111 639 1140 MlTTO
673 1112 891 1140 IMPERIUM
924 1112 1010 1140 NON
1043 1112 1325 1140 SIMULTATEM
1357 1106 1486 1151 σχῆμα
1505 1100 1697 1146 διανοίας·
1731 1099 1928 1148 μεταὸιόρ-

311 1180 452 1226 θωσις,
499 1177 716 1225 Vergilius
764 1180 886 1218 (Aen.
907 1179 946 1216 9.
967 1175 1068 1228 347)
1117 1177 1254 1216 ‘cuius
1301 1177 1353 1216 Ob
1401 1177 1645 1225 auspicium
1688 1176 1929 1214 infaustum

314 1263 547 1300 moresque
590 1254 825 1292 sinistros’.
860 1255 885 1292 3
918 1263 1005 1292 ΑΘΕ
1038 1264 1168 1292 MITTO
1202 1253 1361 1301 legitur
1394 1256 1436 1292 et
1470 1253 1561 1291 ‘ac'.
1596 1254 1620 1290 4
1654 1262 1933 1290 SIMULTATEM

312 1329 518 1378 iurgium,
555 1330 896 1368 contentionem.

483 1412 501 1446 1
534 1423 558 1447 α
587 1413 831 1447 subauditur
860 1412 999 1448 autem
1030 1411 1243 1448 ‘revereri’.

376 1494 393 1530 1
441 1502 528 1530 NON
570 1502 739 1530 PUDERE
781 1492 863 1530 hoc
905 1491 1156 1530 absolutum
1202 1493 1267 1530 est
1302 1493 1345 1529 et
1376 1491 1485 1529 nulli
1519 1491 1754 1529 adnexum.
1790 1491 1813 1528 2
1847 1500 1933 1528 NON

313 1578 483 1608 PUDERE
517 1569 584 1607 hic
613 1569 811 1617 Nigidius
839 1569 1068 1607 annotavit
1094 1568 1158 1609 (fr.
1179 1569 1228 1606 6]
1254 1567 1412 1612 Swob.)
1446 1567 1723 1605 neminem
1753 1566 1932 1604 videri

313 1644 519 1692 pudere
553 1646 684 1682 ante
717 1640 1006 1684 delictum.

375 1731 392 1766 1
444 1738 520 1766 vix
567 1738 747 1766 TANDEM
789 1728 995 1767 convenit
1037 1728 1118 1767 hoc
1160 1728 1328 1766 dictum
1372 1727 1423 1775 ei,
1458 1727 1529 1775 qui
1562 1727 1650 1765 iam
1683 1726 1850 1774 pridem
1887 1736 1933 1764 se

312 1804 427 1842 male
470 1805 619 1843 audire
662 1806 802 1853 putat,
847 1806 890 1844 et
922 1804 1017 1843 ideo
1051 1814 1148 1843 sero
1181 1804 1356 1842 videtur
1389 1804 1440 1842 ad
1473 1804 1588 1841 hunc
1620 1812 1755 1841 senex
1788 1811 1932 1850 perve-

312 1880 445 1929 nisse,
490 1890 590 1919 cum
630 1880 704 1919 ille
748 1882 952 1919 metuens
986 1890 1032 1919 se
1065 1881 1258 1928 primum
1287 1880 1340 1918 ad
1369 1879 1695 1918 accusationem
1726 1877 1932 1916 crederet.

313 1957 337 1994 3
387 1966 462 1994 vrx
504 1966 698 1997 TANDEM,
725 1955 921 2006 εἰρωνεία,
964 1957 1089 2004 quasi
1132 1955 1283 2004 ‘paene
1325 1966 1395 1994 me
1438 1955 1602 1994 oblitus
1635 1955 1732 1993 est.’
1768 1956 1791 1992 5
1826 1963 1930 1998 QUID

314 2042 415 2072 MIHI
453 2042 607 2072 D1OENT
641 2043 728 2071 AUT
762 2043 885 2078 QUAM
918 2043 1096 2071 OAusAM
1127 2032 1291 2079 <R.>
1324 2031 1495 2069 ‘dicent’
1529 2031 1566 2069 si
1599 2040 1757 2078 negare
1792 2030 1931 2067 volue-

315 2108 414 2156 rint,
451 2107 643 2146 ‘causam
678 2104 908 2156 reperient'
942 2108 979 2146 si
1013 2117 1220 2156 purgare:
1256 2117 1384 2145 omne
1413 2107 1527 2145 enim
1559 2107 1722 2144 crimen
1752 2104 1931 2143 adefen-

314 2193 412 2222 sore
445 2186 520 2222 aut
553 2186 737 2232 negatur
770 2186 845 2222 aut
878 2186 1102 2232 purgatur.

487 2266 510 2301 2
538 2263 561 2283 ἦ
592 2267 653 2302 An
684 2266 765 2301 ‘vix
794 2267 971 2301 tandem'
1001 2268 1049 2301 ad
1080 2266 1154 2302 hoc
1181 2266 1371 2310 pertinet,
1398 2265 1491 2309 quia
1505 2264 1569 2299 ille
1586 2263 1786 2300 ‘monitor’
1804 2262 1932 2297 dixit?

437 2321 551 2363 quasi
591 2320 713 2356 dicat:
758 2321 825 2355 vix
863 2321 1026 2356 tandem
1056 2319 1206 2356 factum
1236 2322 1312 2365 est,
1342 2321 1387 2355 ut
1417 2329 1481 2354 me
1510 2328 1636 2354 senex
1666 2317 1827 2353 laudare
1852 2326 1933 2352 coe-

434 2374 574 2418 pisset,
618 2374 711 2418 quia
754 2374 957 2410 ‘monitor'
1001 2375 1188 2418 quamvis
1230 2375 1269 2409 in
1313 2373 1559 2410 contrarium
1599 2372 1759 2416 dixerit,
1797 2372 1931 2406 tamen

437 2438 583 2464 nomen
625 2430 687 2464 est
724 2428 863 2464 laudis.
896 2428 920 2463 4
950 2428 1010 2463 An
1041 2430 1134 2472 quia
1161 2429 1275 2464 tarde
1303 2429 1351 2463 ad
1381 2436 1546 2463 servum
1576 2425 1764 2470 pervenit
1793 2434 1932 2467 senex,

434 2492 552 2525 quem
582 2481 646 2517 ille
677 2483 723 2518 ob
753 2482 1041 2518 conscientiam
1071 2492 1094 2518 a
1123 2492 1166 2518 se
1196 2483 1434 2526 coepturum
1462 2490 1554 2517 esse
1584 2480 1797 2515 credebat?

376 2565 394 2600 1
445 2572 638 2600 DEMIROR
684 2572 759 2610 pro
804 2562 964 2609 nesciO,
1009 2572 1110 2600 nam
1154 2562 1494 2600 admirationem
1537 2559 1783 2608 ignorantia
1816 2557 1933 2595 facit.

320 2641 343 2678 2
386 2648 519 2684 ATQUI
562 2648 743 2676 REPPERI
787 2648 868 2676 IAM
908 2648 1044 2677 ALIUD
1088 2649 1124 2677 c.
1164 2648 1212 2677 eo
1246 2638 1392 2676 animo
1424 2637 1506 2675 hoc
1537 2636 1654 2683 dicit,
1688 2644 1770 2682 quo
1804 2643 1934 2681 supra

318 2715 432 2759 (234)
477 2713 566 2752 ‘vix
607 2712 813 2762 tandem‘,
858 2714 881 2751 3
916 2716 959 2752 et
993 2724 1092 2752 cum
1126 2713 1198 2752 ille
1230 2713 1456 2761 pluraliter
1488 2709 1728 2760 ‘reperient’
1760 2708 1933 2755 dixerit,

318 2791 388 2829 hic
419 2789 702 2838 singulariter
737 2789 933 2837 ‘repperi'
967 2790 1211 2838 respondet,
1246 2789 1370 2837 quasi
1401 2788 1443 2826 in
1477 2797 1524 2825 se
1550 2786 1642 2825 solo
1670 2786 1727 2824 sit
1754 2785 1934 2823 crimen.

376 2876 551 2904 1Nv1TUS
598 2875 693 2903 EEcr
734 2875 815 2903 LEx
860 2875 1009 2904 COEGIT
1053 2865 1161 2904 bene
1203 2867 1330 2914 poeta
1373 2864 1459 2902 iarn
1504 2863 1614 2902 scire
1647 2861 1752 2899 facit
1783 2869 1932 2898 senem

319 2942 421 2989 quid
441 2942 516 2980 isti
550 2940 709 2979 dicturi
744 2941 847 2988 sint,
883 2944 932 2979 ut
966 2941 1167 2980 videatur
1200 2941 1342 2988 frangi
1376 2949 1503 2987 posse
1537 2939 1609 2986 qui
1642 2938 1729 2975 iam
1765 2937 1932 2983 partem

320 3017 622 3056 defensionum
657 3016 867 3055 admittit.
