2242 3443
262 177 432 204 ΗκυΥκΑ
1104 166 1188 203 206

260 298 333 332 770

261 648 331 683 771

263 1152 338 1187 772

277 1962 351 1997 773

275 2292 349 2328 774

469 294 482 329 1
531 302 693 330 NosTER
735 303 866 330 socna
911 302 1035 330 vinno
1072 302 1198 331 VENIT
1234 292 1412 330 ‘noster'
1447 291 1714 330 blandientis
1747 291 1915 330 dictum
1951 295 2032 330 est.

411 368 625 416 Vergilius
658 370 779 409 (Aen.
801 370 839 407 2.
865 370 960 411 149)
996 371 1158 407 ‘noster
1186 368 1302 406 eris'.
1334 370 1358 406 2
1388 368 1440 406 Et
1457 369 1601 416 magis
1621 368 1699 407 hoc
1718 367 2038 408 consuetudine

407 443 573 482 dictum
607 447 676 483 est
707 454 840 492 quam
874 445 1142 493 integritate.

578 519 600 555 3
630 521 712 554 Aut
741 521 848 554 certe
879 520 995 554 ordo:
1028 521 1168 554 noster
1198 528 1310 555 socer
1341 521 1463 562 venit,
1494 521 1533 555 et
1564 518 1729 555 deinde:
1757 519 1886 555 video.
1914 519 2035 554 4Aut

525 573 637 608 deest
667 573 752 617 ‘ut',
786 575 828 608 ut
858 573 931 608 sit»
964 575 1007 609 ut
1038 574 1166 609 video.

470 646 483 682 l
538 654 725 683 ΒΕΙΕΒΑΤ
775 645 879 683 deos
928 647 1056 692 iurat,
1109 648 1155 683 ut
1194 644 1340 694 (Verg.
1361 646 1469 684 Aen.
1491 647 1529 685 6.
1550 642 1653 696 351)
1696 644 1853 684 ‘maria
1895 654 1936 684 a.
1979 644 2036 694 i.’,

409 721 432 757 :2
482 722 571 759 Aut
620 721 743 759 valde
793 722 921 760 iurat.
971 726 994 760 4
1046 722 1098 760 Et
1141 722 1251 761 bene
1294 732 1447 761 senem
1491 723 1655 761 iratum
1700 720 2041 771 praeoccupavit

407 796 586 835 dicendo
626 797 808 836 ‘deierat
845 800 1027 846 sancte',
1065 809 1117 837 ne
1151 798 1407 847 confligeret
1440 808 1538 838 cum
1574 798 1807 837 meretrice
1839 798 1886 836 et
1917 795 2042 836 fieret

409 872 556 910 fabula
599 873 782 922 longior.
826 876 851 913 5
896 885 1087 913 HAEcmE
1121 886 1178 913 EA
1210 886 1286 914 nsi*
1320 875 1536 914 imitanda
1569 875 1671 914 irati
1704 873 2037 922 contemplatio,

407 950 532 995 quasi
567 949 684 988 dicat
718 951 841 989 ‘haec
873 955 940 989 est
972 962 1104 999 quam
1139 952 1265 991 uxori
1298 952 1557 1001 Pamphilus
1591 951 1870 1001 anteponit?’

582 1024 605 1060 3
648 1033 817 1060 BAccffls
862 1035 1036 1062 omniur
1081 1027 1113 1062 si
1160 1028 1358 1072 correpte,
1398 1028 1520 1063 deos
1559 1027 1715 1071 iurat,
1755 1026 1791 1062 si
1832 1025 2040 1070 producte,

532 1077 683 1114 valde
715 1079 871 1117 iurat.

474 1151 490 1186 l
543 1159 623 1188 Nnc
672 1161 750 1188 Por„
798 1162 924 1190 isrAE
973 1163 1181 1191 METUUNT
1225 1163 1329 1192 omos
1374 1154 1453 1192 hoc
1498 1154 1810 1201 argumentum
1856 1153 1925 1190 est
1956 1160 2042 1189 non

408 1225 530 1263 illam
580 1236 681 1265 vera
724 1229 883 1277 iurare,
927 1230 1125 1268 sancitur
1157 1234 1306 1269 autem
1340 1230 1648 1270 iusiurandum
1683 1231 1761 1268 aut
1791 1230 1915 1268 metu
1948 1227 2042 1266 reli—

410 1301 634 1348 giosorum
678 1306 755 1342 aut
797 1305 1011 1354 supplicio
1055 1306 1398 1355 sacrilegorum;
1444 1309 1489 1346 at
1542 1317 1647 1346 vero
1688 1316 1768 1345 nec
1813 1304 2045 1353 religiosae

427 1380 531 1416 sunt
578 1381 846 1428 meretrices,
895 1382 1048 1429 inquit,
1096 1393 1174 1421 nec
1217 1383 1324 1422 dant
1364 1393 1542 1432 poenas,
1587 1384 1746 1432 quippe
1778 1392 1890 1430 quae
1922 1391 1948 1419 a
1979 1379 2047 1419 dis

428 1456 787 1503 contemnantur;
832 1457 918 1496 tale
960 1461 1028 1497 est
1070 1458 1176 1498 illud
1219 1460 1332 1508 apud
1372 1459 1634 1508 Vergilium:
1679 1460 1717 1498 si
1755 1458 1948 1497 violatus
1979 1456 2048 1495 est

427 1530 564 1580 lucus,
608 1534 756 1571 tamen
804 1534 1074 1573 vindicatum
1111 1546 1195 1574 non
1231 1539 1310 1585 est,
1347 1536 1438 1575 ‘sed
1470 1537 1623 1576 faciles
1656 1535 1880 1584 nymphae
1911 1533 2047 1572 risere

426 1607 602 1646 sacello’
645 1608 747 1649 (Ecl.
776 1610 815 1648 3.
847 1610 901 1654 9.)
946 1611 969 1649 3
1013 1622 1094 1650 nnc
1128 1622 1208 1651 EAS
1240 1623 1472 1652 RESPICERE
1505 1623 1584 1652 nec
1618 1614 1854 1661 merentur,
1887 1609 2044 1659 inquit,

428 1686 473 1721 ut
515 1684 580 1722 dis
622 1695 784 1732 poenas
832 1686 1037 1736 referant,
1079 1690 1182 1736 quia
1224 1700 1303 1728 nec
1346 1700 1476 1729 curae
1509 1690 1575 1729 dis
1608 1700 1705 1728 esse
1738 1689 1896 1737 dignae
1926 1687 2044 1749 sunt,

425 1761 468 1797 et
500 1762 567 1798 est
598 1758 833 1810 ἀμφιβολία,
863 1772 973 1809 quae
1006 1774 1139 1803 sensu
1174 1766 1413 1805 manifesta
1445 1768 1525 1806 est.

594 1834 618 1870 2
645 1844 719 1870 Nnc
744 1846 817 1871 EAS
843 1846 1058 1873 RESPICERE
1084 1849 1182 1875 DEOS
1209 1851 1267 1876 οΡ.
1295 1842 1334 1876 et
1359 1841 1600 1877 infeliciores
1626 1842 1736 1886 sunt,
1762 1838 1906 1884 inquit,
1921 1847 2042 1883 quam

542 1888 578 1922 in
610 1898 710 1932 quas
740 1890 777 1925 di
806 1891 1020 1927 vindicent.

482 1959 505 1996 2
550 1969 761 2004 QUOLrssE'r
803 1972 1020 2003 ORUGIATU
1063 1975 1145 2003 PER
1185 1976 1244 2004 ME
1286 1977 1477 2012 EXQUIRE
1522 1966 1611 2016 ‘per
1644 1967 1728 2006 me'
1762 1967 1842 2005 hoc
1873 1966 1942 2005 est
1971 1974 2044 2003 me

422 2036 720 2086 permittente,
764 2041 810 2076 ut
853 2041 966 2087 quod
1008 2051 1083 2090 per
1126 2042 1245 2090 leges
1278 2043 1356 2082 tibi
1387 2054 1473 2083 non
1507 2044 1624 2092 licet,
1659 2044 1747 2092 ‘per
1778 2042 1866 2081 me'
1898 2041 2043 2081 liceat.

597 2111 614 2145 1
655 2121 849 2152 Armanas
887 2123 990 2150 Drino
1030 2125 1106 2158 Quo
1146 2119 1355 2161 repudiato
1391 2119 1647 2154 iureiurando
1685 2118 1734 2153 ad
1763 2117 1866 2153 aliud
1896 2115 2044 2152 transit

539 2163 705 2255 fir‘rssltmst
733 2168 1036 2207 documentum.
1076 2170 1100 2207 3
1140 2171 1227 2207 ‘Per
1265 2173 1341 2208 me'
1373 2183 1468 2218 ergo
1497 2174 1534 2208 id
1565 2175 1630 2209 est
1658 2183 1723 2209 me
1751 2173 1929 2217 auctore,
1957 2179 2043 2216 per-

541 2228 594 2252 mi
636 2229 684 2255 en
708 2230 741 2256 e.

483 2291 500 2326 l
539 2300 655 2329 HAEC
687 2301 765 2330 Rns
798 2303 872 2332 Hic
907 2304 1070 2333 norrun
1097 2298 1173 2335 aut
1199 2298 1263 2335 sic
1291 2298 1637 2347 intellegendum
1665 2300 1744 2346 est,
1773 2297 1898 2347 quasi
1926 2297 2044 2336 dicat

423 2365 517 2404 ‘hoc
551 2367 806 2418 agebamus,
842 2381 941 2409 cum
975 2373 1022 2410 tu
1056 2373 1315 2426 advenires,’
1348 2378 1425 2413 aut
1457 2385 1555 2414 cum
1590 2374 1920 2414 asseveratione
1950 2382 2042 2422 pro·

421 2443 730 2492 nuntiandum,
781 2448 830 2483 ut
876 2447 935 2484 sit
985 2447 1082 2486 ‘res’
1125 2451 1304 2498 veritas,
1347 2452 1473 2499 quasi
1515 2451 1632 2490 dicat
1675 2451 1760 2489 ‘hic
1791 2460 1876 2489 non
1910 2448 2045 2489 verba

420 2522 535 2566 sunt,
585 2520 661 2557 sed
708 2531 780 2559 res
827 2520 999 2570 agitur'.
1051 2525 1074 2562 2
1116 2536 1232 2564 HAEC
1275 2537 1352 2565 ans
1395 2538 1471 2566 HIC
1503 2537 1670 2566 Afflruiz
1702 2526 1940 2576 propositio
1973 2527 2042 2565 est

420 2603 585 2640 eorum,
629 2606 739 2643 quae
782 2597 951 2636 dictura
993 2602 1073 2648 est,
1118 2602 1197 2640 hoc
1231 2603 1381 2641 modo:
1418 2604 1541 2642 ‘haec
1573 2614 1644 2642 res
1675 2604 1745 2642 hic
1777 2603 1951 2652 agitur'.
1984 2623 2041 2630 —

418 2679 527 2717 quae
562 2673 664 2709 res?
702 2695 750 2699 -
788 2673 1029 2722 ‘Pamphilo
1067 2688 1134 2715 me
1161 2678 1303 2717 facere
1331 2686 1379 2718 ut
1404 2681 1553 2719 redeat
1579 2690 1690 2719 uxor
1716 2669 1898 2730 oportet,
1928 2680 2041 2728 quod

419 2747 455 2783 si
490 2746 680 2797 perficio,
714 2760 798 2788 non
832 2752 1027 2798 paenitet
1062 2765 1131 2793 me
1163 2757 1309 2795 famae
1342 2757 1484 2797 solam
1519 2758 1677 2797 fecisse
1709 2758 1752 2796 id
1784 2758 1897 2806 quod
1929 2758 2040 2798 aliae

417 2823 671 2861 meretrices
720 2825 860 2864 facere
908 2827 1128 2875 fugitant?
1174 2833 1197 2870 3
1242 2833 1379 2872 Multa
1420 2834 1652 2873 Terentius
1688 2834 1874 2874 feliciter
1906 2845 2042 2874 ausus

417 2900 484 2935 est
516 2900 608 2936 arte
642 2899 793 2948 fretuS,
829 2912 931 2941 nam
961 2906 1003 2942 et
1030 2914 1182 2945 socrus
1212 2908 1346 2947 bonas
1374 2912 1416 2948 et
1445 2911 1704 2950 meretrices
1733 2911 1907 2950 honesti
1925 2911 2038 2959 cupi·

417 2973 495 3011 das
536 2977 708 3022 praeter
749 2985 880 3023 quam
922 2980 1232 3029 pervulgatum
1277 2987 1343 3022 est
1386 2985 1504 3035 facit,
1543 2986 1619 3025 sed
1652 2988 1778 3026 tanta
1811 2986 2038 3035 vigilantia

418 3058 648 3087 causarum
698 3053 741 3089 et
789 3054 1011 3093 rationum
1057 3061 1284 3098 momenta
1324 3061 1566 3111 subiungit,
1610 3063 1658 3101 ut
1693 3063 1731 3101 ei
1763 3062 1848 3102 soli
1881 3062 2038 3102 merito

2206 625 2213 666 l
