2242 3443
334 812 411 848 373

335 958 411 995 374

335 1281 412 1316 375

334 1656 411 1692 376

335 1731 409 1769 377

335 1884 412 1922 378

335 2037 411 2073 380

335 2803 407 2839 381

1199 258 1253 295 52

483 383 560 420 hoc
603 391 717 430 esse,
758 381 801 420 in
845 391 929 430 quo
971 382 1111 420 altero
1156 381 1330 421 sublato
1363 391 1448 420 non
1481 379 1730 419 necessario
1763 378 1951 418 alterum
1985 376 2112 417 relin-

480 459 651 505 quatur.
695 458 719 495 3
763 468 801 496 SI
834 467 939 496 Huic
974 467 1060 496 Non·
1094 468 1175 496 DET
1207 468 1258 496 TE
1294 467 1431 496 ILLAM
1464 466 1644 495 uxonEM
1676 464 1844 494 DUGERE
1874 453 2110 494 artificiose

483 533 630 572 Davus
665 533 902 573 Charinum
936 535 1123 583 excitat,
1154 536 1221 583 ut,
1250 535 1288 572 si
1316 533 1409 573 ficri
1437 533 1594 583 possit,
1625 532 1855 571 adiuvetur
1882 531 2108 580 negotium

482 609 721 659 Pamphili,
757 610 860 648 dum
894 609 966 648 ille
1000 610 1083 648 sibi
1116 610 1332 659 providet.

655 684 674 718 2
709 683 727 702 ⁸*
754 693 789 719 sr
814 694 910 720 nmo
935 694 1015 720 NON
1042 694 1117 720 DET
1141 695 1188 720 TE
1213 695 1238 720 1.
1266 695 1304 720 u.
1331 695 1368 720 D.
1396 685 1470 720 hoc
1494 684 1646 720 laborat
1673 683 1827 728 Davus,
1853 683 2108 727 quemadmo-

599 738 693 772 dum
712 738 989 774 Philumenam
1006 739 1204 775 Charinus
1222 739 1393 784 propriis
1409 739 1612 774 laboribus
1629 739 1909 783 promereatur
1924 746 2106 785 uxorem,

539 810 558 846 1
595 818 682 847 msi
722 820 845 849 vas
879 810 1029 850 ‘vides‘
1058 811 1273 859 provides.
1303 812 1327 848 2
1346 821 1483 850 Amms
1501 820 1762 859 magnarum
1780 820 1924 849 rerum
1945 809 2108 851 deside.

483 885 597 923 rium
633 887 677 923 et
710 887 932 934 appetitus
968 886 1202 925 ambitio
1236 887 1407 926 dicitur.

656 969 759 995 VALE
796 960 1033 996 confirmata
1072 971 1114 997 re
1143 971 1166 997 a
1194 962 1309 998 factis
1338 965 1378 998 et
1408 962 1593 1007 personis
1622 961 1887 998 deliberativa
1912 961 2106 997 nascitur.

1212 1144 1237 1182 3

539 1279 558 1315 1
591 1286 695 1322 omn
723 1287 878 1317 IGITUR
904 1287 989 1316 sn31
1017 1288 1129 1317 VULT
1158 1289 1301 1318 PATER
1329 1280 1437 1319 haec
1454 1289 1614 1319 scaena
1631 1279 1995 1320 deliberationem
2012 1289 2106 1319 con-

479 1353 591 1392 tinet
621 1353 731 1392 Davi
766 1356 810 1392 et
842 1353 1076 1403 Pamphili.
1113 1355 1137 1394 2
1170 1355 1221 1394 Ει
1255 1355 1364 1395 bene
1399 1352 1584 1405 ‘igitur':
1614 1357 1652 1396 si
1682 1357 1801 1396 enim
1833 1356 1971 1396 falsae
2002 1358 2106 1396 sunt

483 1428 679 1478 nuptiae,
723 1429 825 1478 quid
869 1430 1067 1479 cogitat?
1111 1432 1395 1471 stomachose
1436 1432 1570 1471 etiam
1608 1432 1690 1472 1100
1723 1433 1837 1473 dixit
1868 1432 2107 1483 ‘<quid>

482 1504 566 1544 sibi
606 1505 853 1556 <vult>',
896 1508 945 1546 ut
986 1507 1061 1546 ille
1096 1506 1210 1556 ‘quid
1243 1507 1340 1547 vult
1367 1517 1605 1548 concursus
1637 1509 1691 1549 ad
1723 1511 1948 1550 amnem?
1981 1509 2106 1551 (Aen.

485 1583 524 1622 6.
565 1583 679 1630 318).

600 1667 636 1694 s1
663 1668 706 1694 ID
735 1668 988 1697 SUCCENSEAT
1017 1660 1080 1696 ‘id’
1111 1661 1159 1698 ob
1188 1661 1246 1707 id,
1276 1663 1442 1707 propter
1472 1662 1522 1698 id.

535 1739 678 1775 NEQUE
700 1741 745 1769 ID
773 1741 948 1771 INIURIA
974 1732 1017 1771 id
1047 1734 1133 1772 est:
1162 1743 1301 1782 usque
1329 1734 1437 1773 adeo
1465 1734 1658 1773 iniustus
1684 1733 1768 1773 sibi
1794 1733 2032 1784 videbitur,
2059 1734 2110 1772 ut

483 1814 530 1844 se
562 1806 810 1846 iniustitiae
841 1808 937 1857 ipse
971 1808 1246 1849 condemnet.

538 1891 599 1920 AD
632 1892 823 1922 NUPTIAS
855 1893 1150 1924 PERSPEXERIT
1183 1886 1432 1935 perspicere
1464 1887 1533 1925 est
1564 1886 1617 1925 ad
1650 1886 1829 1935 plenum
1858 1884 1916 1926 'et
1947 1886 2108 1935 perfec-

486 1960 584 1997 tum
618 1962 781 2001 videre.

539 2037 558 2074 1
605 2048 696 2077 TUM
737 2049 868 2078 1111Αο
905 2050 1080 2079 TURBAE
1113 2038 1155 2077 τὸ
1190 2038 1321 2078 ‘illae’
1354 2039 1407 2078 ad
1439 2041 1654 2078 terrorem
1686 2039 1875 2079 rettulit.
1908 2040 1933 2079 3
1966 2049 2109 2079 PATER

493 2121 568 2151 EST
607 2095 834 2154 PAMPHILE
867 2116 950 2155 hoc
978 2115 1182 2155 vultuose
1213 2115 1588 2164 pronuntiandum
1621 2117 1708 2164 est,
1743 2117 1768 2154 4
1803 2117 1847 2154 et
1879 2116 1989 2155 mire
2027 2114 2108 2165 ‘pa-

484 2191 562 2229 ter’
611 2191 745 2241 dixit,
790 2193 840 2231 ut
870 2192 914 2231 in
948 2192 1042 2241 ipso
1079 2191 1258 2231 nomine
1293 2190 1496 2230 videatur
1528 2191 1689 2230 habere
1721 2191 2047 2231 auctoritatem.
2082 2192 2107 2230 6

481 2276 657 2312 QUIDVIS
700 2277 866 2306 PATIAR
907 2270 1012 2307 sunt
1054 2267 1128 2316 qui
1173 2267 1377 2316 ‘quiduis’
1421 2277 1496 2316 pro
1538 2267 1807 2316 quicquid
1839 2263 2106 2308 evenerit

483 2342 764 2392 intellegant,
808 2343 909 2391 quia
954 2344 1128 2382 dixerat
1172 2343 1295 2383 ‘adeo
1337 2353 1409 2382 me
1451 2343 1662 2391 ignavum
1699 2344 1879 2392 putas’?
1910 2346 1967 2384 (v.
2002 2344 2106 2398 277)

482 2417 557 2457 alii
598 2419 904 2469 pronuntiant,
947 2422 993 2458 ut
1025 2420 1086 2458 sit
1116 2429 1298 2458 sensus:
1333 2419 1434 2467 quid
1466 2428 1538 2457 me
1572 2419 1639 2457 vis
1665 2419 1837 2459 facere?
1869 2430 1925 2459 an
1957 2420 2037 2460 hoc
2062 2416 2104 2468 ¹),

483 2495 534 2533 ut
565 2494 708 2542 patiar
739 2495 850 2533 mihi
883 2505 1068 2534 uxorem
1102 2495 1227 2534 dari?

650 2567 672 2602 2
707 2577 868 2610 anvm
905 2579 1057 2605 PATIAR
1095 2569 1170 2605 hoc
1198 2570 1281 2605 est:
1312 2570 1443 2614 patiar
1472 2578 1537 2604 me
1568 2578 1736 2605 uxorem
1766 2570 1924 2606 ducere.
1952 2571 1976 2605 5
2004 2569 2027 2592 *
2055 2570 2105 2606 Et

597 2621 722 2657 veluti
748 2623 1037 2660 dormitantem
1067 2627 1108 2659 et
1137 2623 1305 2660 oblitum
1334 2623 1554 2667 potestatis
1580 2625 1769 2668 paternae
1797 2623 2015 2660 his-tribus
2039 2633 2103 2660 ex-

598 2675 715 2712 citat:
755 2677 881 2721 ‘pater
918 2680 998 2721 est,
1043 2676 1262 2723 Pamphile’
1301 2676 1467 2714 ‘difficile
1496 2675 1572 2714 est’
1603 2678 1716 2714 ‘haec
1737 2677 1823 2715 sola
1847 2680 1909 2715 est
1933 2678 2103 2715 mulier’.

600 2728 621 2764 7
650 2739 780 2765 PATER
810 2740 880 2766 EST
914 2741 938 2767 a
967 2732 1196 2768 necessario
1225 2733 1527 2775 argumentum.
2030 2742 2044 2754 ⁸

540 2800 563 2837 2
606 2810 820 2839 DIFFICILE
862 2801 1110 2852 Pamphilo,
1149 2803 1445 2851 perniciosum
1479 2802 1691 2851 Glycerio,
1728 2804 1751 2841 3
1785 2813 1895 2842 sonA
1926 2805 2102 2842 autem:

478 2875 572 2914 sine
599 2876 900 2915 defensoribus
930 2878 1128 2927 propriis.
1158 2880 1183 2917 6
1207 2888 1421 2917 DIFFICILE
1439 2888 1514 2916 EST
1533 2876 1810 2928 ἀποσιώπησις
1828 2888 1930 2918 cum
1950 2878 2100 2918 vultu:

480 2950 603 2990 deest
635 2949 886 2991 ‘resistere’.
917 2954 939 2992 7
970 2964 1134 2993 DICTUM
1162 2965 1218 2994 Ac
1244 2965 1420 2994 FACTUM
1446 2954 1724 3003 proverbium
1751 2954 2003 2994 celeritatis.
2026 2957 2100 3006 (a).

382 3138 403 3179 ¹)
431 3136 546 3172 Codd.
570 3141 628 3172 ‘an
657 3140 696 3172 ut
723 3137 794 3172 hoc
818 3140 972 3182 μελίαι-’ς
993 3140 1147 3175 correxi.
