2242 3443
376 351 454 387 609

376 503 450 538 611

381 1092 457 1128 612

385 1446 462 1481 613

387 1597 464 1634 614

388 1827 466 1864 615

389 1981 466 2016 616

393 2285 468 2322 617

396 2663 474 2700 618

1229 221 1281 259 76

583 346 608 383 3
651 355 701 382 Er
746 354 819 382 EST
861 353 1025 382 FIGURA
1060 343 1247 392 ἔλλειψις,
1283 346 1332 383 ut
1363 345 1473 393 apud
1507 342 1748 391 Vergilium
1782 342 2006 381 ‘invidisse
2039 342 2143 381 deos

526 421 680 470 patriis
714 423 762 457 ut
794 430 826 458 r.
861 420 913 458 a’.
949 421 1072 464 (Aen.
1111 422 1176 459 11.
1213 421 1328 462 269).

588 499 606 535 1
643 506 837 534 POSTHAC
871 505 1125 534 mcomMEM
1158 507 1237 535 SAT
1270 507 1360 535 smo
1393 506 1501 534 FORE
1529 506 1588 534 ME
1616 495 1680 534 sic
1707 495 1849 534 dicere
1879 495 2074 535 solemus
2099 496 2144 534 in

525 583 685 621 magno
727 571 916 620 periculo
959 573 1111 620 positi:
1156 582 1397 620 numquam
1441 582 1521 611 nos
1562 571 1917 621 periclutaturos,
1961 572 1999 610 si
2039 570 2146 610 illud

525 648 765 698 periculum
797 648 1071 696 potuerimus
1103 648 1302 687 evadere.
1340 649 1364 686 3
1399 651 1453 693 (a)
1485 648 1719 686 Menander
1746 648 1809 686 sic
1836 643 1900 684 ‘E'cv
1926 645 2021 693 θεὸς
2047 644 2147 701 θέλῃ

525 724 599 764 οὐκ
631 721 680 762 ἂν
714 722 968 774 ἁπολοίμην’.

697 799 717 833 2
750 794 772 816 ³¹²
801 806 980 834 POSTHAc
1010 799 1198 835 audacter
1229 808 1272 834 se
1304 798 1547 834 incolumem
1573 798 1612 833 in
1638 797 1822 833 futurum
1838 797 2039 842 promittit
2053 797 2149 843 fore,

645 862 735 888 cum
765 852 848 888 vita
876 853 1052 888 bominis
1082 854 1166 888 tarn
1199 853 1321 889 variis
1359 853 1579 896 multisque
1608 853 1663 888 Sit
1690 852 1876 897 periculis
1905 851 2095 888 conferta.
2126 851 2148 887 3

644 918 667 942 a
696 907 771 942 Sed
800 907 874 942 hoc
904 907 1018 942 dicit:
1052 907 1126 951 sic,
1156 907 1305 953 inquit,
1336 907 1559 951 periclitor:
1591 906 1625 941 si
1655 906 1731 942 hoc
1759 916 1950 950 evasero,
1980 906 2060 942 scio
2085 915 2151 942 me

649 963 791 1006 postea
827 970 907 996 non
946 960 1280 1005 periclitaturum.
1310 962 1332 995 4
1363 961 1385 985 ἡ·
1414 962 1463 997 Et
1494 962 1558 997 est
1589 970 1757 997 sensus:
1789 962 1874 996 tam
1904 960 2057 997 difficile
2087 961 2151 996 est

644 1015 735 1050 hinc
763 1016 949 1060 evadere,
981 1016 1044 1059 ut,
1071 1015 1136 1059 qui
1162 1015 1254 1051 hinc
1279 1016 1474 1061 evaserit,
1501 1016 1685 1051 videatur
1707 1015 1950 1051 immortalis
1974 1015 2151 1051 futurus.

588 1088 611 1125 2
656 1097 772 1125 MODO
815 1096 1067 1125 Potnicrrus
1110 1097 1197 1125 SUM
1244 1087 1401 1126 ‘modo'
1449 1087 1582 1126 mire:
1617 1087 1780 1126 etenim
1813 1087 2027 1126 maiorem
2061 1087 2152 1125 vim

531 1163 692 1201 habent
741 1164 984 1201 recentiora
1032 1163 1270 1211 promissa.
1319 1164 1344 1202 3
1388 1173 1503 1202 mono
1544 1174 1582 1202 P.
1626 1174 1660 1202 S.
1695 1163 1885 1202 oratorie
1918 1161 2153 1212 ‘pollicitus

531 1240 646 1278 sum’
681 1239 792 1278 dixit
827 1249 959 1287 quam
993 1239 1031 1277 Si
1065 1238 1274 1287 ‘promisi’
1310 1240 1487 1279 diceret.

705 1315 721 1349 1
754 1312 775 1336 *
804 1322 890 1348 NAM
921 1323 1016 1355 QUID
1046 1323 1120 1349 Euo
1145 1323 1253 1349 NUNC
1279 1323 1403 1349 DrcAM
1428 1323 1551 1349 PATRI
1573 1314 1675 1350 bene
1700 1313 1844 1358 ‘patri’,
1859 1322 1941 1349 non
1959 1313 2152 1359 ‘Simoni’,

651 1369 696 1403 ut
727 1369 773 1403 de
802 1367 1043 1404 auctoritate
1070 1367 1192 1403 huius
1222 1368 1400 1404 nominis
1429 1377 1616 1404 summus
1646 1370 1777 1405 terror
1803 1369 2011 1412 exsurgat.

595 1443 608 1478 ]
644 1450 733 1485 QUA
760 1450 939 1478 EmucrA
969 1450 1013 1478 ID
1040 1449 1206 1478 FACERE
1233 1450 1276 1478 A.
1305 1440 1639 1488 percutiendum
1666 1439 1764 1488 ‘qua
1779 1439 2045 1479 fiducia':ad
2063 1450 2154 1488 per-

539 1527 696 1555 sonam
725 1527 854 1555 suam
885 1516 1073 1566 rettulit,
1104 1517 1128 1554 2
1159 1518 1202 1555 et
1230 1515 1416 1556 ‘fiducia’
1436 1517 1566 1556 modo
1585 1516 1909 1566 impudentiam
1927 1514 2158 1565 significat.

597 1595 616 1631 1
662 1603 743 1632 NEC
789 1602 892 1637 QUID
935 1603 1054 1632 NUNC
1086 1603 1146 1631 ME
1178 1603 1345 1631 EAcrAM
1378 1604 1413 1633 S.
1446 1602 1527 1631 nos
1560 1592 1689 1640 quid
1721 1592 1946 1642 faciam,
1983 1593 2157 1632 veteres

535 1673 679 1709 autem
715 1668 815 1708 ‘me'
844 1669 1081 1718 addebant,
1112 1670 1136 1707 2
1165 1671 1209 1708 et
1236 1670 1339 1708 nota
1367 1669 1556 1708 ‘faciam’
1584 1669 1808 1718 <cum>
1830 1668 2020 1708 ablativo
2037 1678 2156 1709 casu·

537 1747 562 1784 3
606 1755 750 1790 ATQUE
782 1756 826 1784 ID
858 1755 945 1784 Aeo
978 1746 1019 1784 id
1052 1755 1237 1793 quaero,
1271 1747 1354 1785 hoc
1387 1747 1477 1785 est:
1513 1747 1562 1784 ut
1592 1745 1816 1784 inveniam
1848 1745 1949 1794 quid
1980 1744 2155 1784 faciam.

597 1832 800 1867 ALIQUAM
832 1832 1070 1860 PRODUCAM
1097 1833 1142 1860 M.
1175 1824 1217 1860 et
1247 1821 1531 1870 ‘productam’
1559 1822 1740 1870 legitur;
1770 1821 1990 1871 Significat
2007 1823 2156 1861 autem

539 1898 760 1947 differam,
795 1898 1071 1947 protendam,
1107 1898 1338 1947 prolatem.

600 1976 619 2013 1
655 1984 838 2013 EHODUM
880 1984 992 2013 BONE
1025 1984 1102 2014 VIR
1135 1985 1238 2020 Qun>
1271 1985 1344 2013 Ars
1377 1975 1529 2023 gravis
1557 1974 1844 2023 interrogatio
1877 1976 1921 2014 et
1950 1974 2160 2013 invehen-

539 2051 597 2090 tis
639 2050 805 2108 <in>
837 2061 938 2089 eum
972 2061 1047 2099 pro
1084 2051 1323 2090 iracundia.
1358 2051 1412 2089 Et
1444 2051 1524 2090 hoc
1556 2051 1697 2090 ironia
1728 2051 2024 2100 prosequitur,
2059 2059 2159 2090 cum

538 2137 668 2166 omne
694 2137 834 2175 genus
861 2126 1156 2166 contumeliae
1185 2127 1281 2166 lene
1308 2128 1352 2166 in
1380 2137 1480 2166 eum
1509 2126 1728 2176 ducimus,
1757 2127 1802 2166 in
1831 2137 1960 2175 quem
1977 2126 2162 2166 ferimur

540 2203 777 2242 iracundia.
813 2204 836 2241 2
870 2214 1004 2242 VIDEN
1037 2214 1097 2242 ME
1130 2214 1228 2242 Tuis
1260 2214 1295 2242 c.
1329 2204 1411 2242 hoc
1444 2205 1534 2242 est:
1569 2203 1782 2251 numquid
1813 2213 1974 2252 negare
2006 2203 2161 2251 potes?

603 2280 622 2317 1
658 2289 904 2318 IMPEDITUM
935 2290 1036 2318 ESSE
1069 2280 1381 2329 impeditus
1415 2281 1480 2319 est
1514 2279 1697 2328 proprie,
1731 2280 1803 2327 qui
1834 2280 1899 2319 ita
1929 2279 2064 2328 pedes
2090 2279 2161 2318 ha-

539 2357 611 2396 bet
640 2356 858 2405 illigatos,
894 2359 942 2395 ut
973 2357 1175 2406 progredi
1209 2367 1295 2396 non
1328 2357 1480 2406 possit.
1516 2356 1600 2395 Sed
1632 2347 1703 2395 hic
1735 2356 1789 2395 ad
1821 2355 2048 2404 negotium
2081 2356 2164 2394 ret-

543 2433 657 2472 tulit.
706 2434 730 2471 2
778 2443 836 2471 AT
878 2444 959 2471 IAM
1002 2444 1040 2472 E.
1083 2444 1168 2473 non
1203 2433 1417 2482 defendit,
1449 2433 1526 2472 Sed
1559 2432 1897 2471 emendaturum
1930 2430 2162 2480 promittit.

544 2510 569 2548 3
604 2509 653 2547 Ει
686 2509 794 2547 bene
828 2509 881 2547 ad
916 2508 1210 2558 ‘impeditum‘
1245 2509 1504 2558 ‘expediam'
1538 2508 1723 2547 rettulit.

717 2585 738 2618 4
767 2582 789 2606 ’ῖς
817 2583 903 2618 Duo
934 2584 1121 2627 promisit
1151 2584 1271 2620 simul
1300 2585 1340 2620 et
1363 2585 1527 2628 tempus
1553 2592 1645 2618 cum
1670 2582 1876 2618 celeritate
1899 2583 1940 2634 et
1964 2581 2164 2618 effectum.

606 2658 626 2695 1
660 2665 771 2694 IMMO
798 2664 958 2693 MELIUS
987 2665 1020 2694 s.
1052 2656 1157 2695 bene
1188 2655 1375 2694 ‘melius’
1404 2654 1724 2704 comparativo,
1753 2654 1879 2702 quasi
1905 2654 1986 2692 hoc
2002 2652 2164 2692 bonum

545 2733 622 2782 Sit,
666 2731 774 2770 illud
816 2731 989 2770 melius.
1025 2732 1049 2769 2
1084 2742 1143 2770 οΗ
1175 2742 1264 2770 rim
1298 2741 1377 2770 EGO
1413 2741 1588 2769 CREDAM
1620 2741 1656 2768 F.
1687 2730 1882 2769 furciferi
1913 2729 2167 2769 dicebantur

543 2809 618 2858 qui
659 2806 711 2846 ob
752 2806 849 2845 leve
892 2806 1103 2846 delictum
1142 2807 1412 2856 cogebantur
1445 2816 1470 2845 a
1501 2806 1692 2844 dominis
1722 2805 1992 2854 ignominiae
2025 2805 2168 2853 magis

545 2895 677 2934 quam
704 2882 907 2930 supplicii
936 2893 1071 2921 causa
1089 2884 1204 2922 circa
1221 2883 1406 2922 vicinias
1428 2882 1596 2921 furcam
1614 2882 1659 2919 in
1677 2881 1788 2920 collo
1805 2881 1917 2920 ferre
1934 2879 2170 2929 subligatis

549 2961 601 3000 ad
640 2969 738 2999 eam
773 2957 980 2996 manibus
1013 2960 1056 2997 et
1089 2959 1338 3007 praedicare
1370 2958 1600 3006 peccatum
1635 2967 1765 2995 suurn
1799 2956 2022 3005 simulque
2052 2965 2170 2994 sum-

548 3044 726 3077 monere
760 3035 952 3082 ceteros,
988 3044 1042 3073 ne
1076 3035 1178 3082 quid
1212 3034 1356 3073 simile
1391 3033 1645 3071 admittant.
1679 3033 1832 3080 Itaque
1863 3034 1906 3072 et
1937 3031 2084 3072 Cicero
2116 3031 2167 3070 de

547 3122 676 3153 servo
709 3109 826 3158 ‘quid
858 3109 1044 3149 deinde?
1078 3110 1255 3150 furcifer
1287 3119 1372 3158 quo
1405 3108 1723 3158 progreditur?
1755 3108 1910 3150 (Deiot.
1944 3108 2029 3149 26).
