2242 3443
359 332 433 368 224

360 484 434 520 725

362 920 432 955 727

360 2133 435 2170 729

355 2354 429 2390 730

356 2734 428 2769 731

356 3009 430 3045 732

1197 202 1278 239 196

563 337 606 364 ro
648 336 763 365 mono
806 336 875 364 mc
917 336 1067 364 ABISSE
1111 336 1259 364 nomm
1303 326 1372 365 ‘id‘
1407 336 1482 374 pro
1517 326 1641 374 ‘hoc’,
1675 324 2009 365 subiunctivum
2044 334 2127 373 pro

507 403 818 451 praepositivo.

568 481 584 517 1
633 489 765 517 THArs
807 488 888 516 [ΑΜ
930 488 1092 516 ADERIT
1136 479 1243 518 bene
1285 479 1419 517 dixit:
1464 479 1565 517 huic
1597 478 1713 517 enim
1748 477 1889 516 aderit
1919 476 2067 515 Thais.
2103 477 2127 515 2

506 565 611 600 QUlA
644 565 731 593 CUM
765 565 868 592 [NDE
903 555 1035 593 aliam
1069 565 1124 593 ex
1157 555 1244 593 alia
1276 565 1409 594 causa
1441 556 1681 604 supposuit.
1717 558 1770 598 (a)

682 630 703 664 2
735 640 758 664 a
788 629 903 673 quasi
933 628 1040 665 dicat
1069 629 1199 665 ‘video
1227 630 1420 665 causam'.

1220 779 1245 817 5

569 916 588 952 1
625 924 740 952 ATAr
774 924 893 952 DATA
927 924 1096 952 HERCLE
1129 924 1273 952 VERBA
1307 925 1408 952 mm
1441 924 1551 952 SUNT
1586 924 1700 952 vrcrr
1734 922 1875 951 VINUM
1905 913 1975 951 hic
2001 913 2128 952 semi·

507 990 657 1039 gravis
703 990 924 1028 inducitur
972 990 1072 1028 vino
1121 989 1330 1029 Chremes
1378 990 1572 1039 priorum
1614 999 1805 1037 memor,
1851 988 2048 1028 titubans
2089 989 2131 1028 in

507 1065 834 1116 praesentibus,
868 1067 917 1103 ut
944 1065 1034 1104 fere
1066 1065 1212 1114 adpoti
1244 1065 1402 1105 solent.
1438 1066 1462 1104 2
1495 1076 1612 1105 ATAT
1647 1065 1769 1104 ‘atat’
1801 1065 2049 1104 interiectio
2067 1066 2133 1104 est
2179 1083 2183 1085 ·

507 1141 718 1191 paulatim
767 1141 963 1190 percepti
1004 1143 1136 1189 atque
1179 1141 1388 1181 intellecti
1431 1141 1549 1181 mali.
1594 1142 1618 1180 3
1663 1152 1783 1180 DATA
1824 1151 1967 1181 VERBA
2011 1142 2132 1181 fraus

506 1218 644 1271 facta3
687 1219 711 1256 4
754 1221 888 1258 (DATA
929 1228 1097 1256 HERCLE
1140 1221 1300 1262 VERBA)
1335 1228 1360 1257 a
1393 1217 1534 1257 milite
1569 1227 1622 1256 an
1666 1228 1691 1256 a
1723 1218 1973 1266 meretrice,
2008 1217 2132 1257 cuius

507 1295 596 1333 iam
623 1294 792 1343 pridem
816 1294 964 1333 dolum
993 1294 1159 1333 malum
1189 1295 1232 1333 in
1261 1295 1381 1333 omni
1408 1304 1454 1334 re
1482 1296 1764 1343 suspectatus
1791 1295 1890 1333 est?
1919 1303 1972 1332 an
1991 1294 2132 1341 magis

507 1382 532 1410 a
563 1371 664 1410 vino
697 1371 823 1419 quasi
856 1370 1051 1419 captioso
1083 1370 1227 1418 aliquo
1261 1371 1362 1410 data
1394 1371 1529 1410 verba
1555 1372 1677 1420 sunt,
1706 1371 1808 1418 quia
1834 1370 1981 1409 bibere
2008 1369 2131 1409 dulce

501 1449 586 1496 est,
631 1447 801 1486 ebrium
833 1446 924 1486 fieri
957 1447 1300 1496 turpissimum?
1333 1447 1452 1486 Adeo
1485 1447 1554 1486 his
1587 1456 1698 1495 quae
1729 1447 1976 1495 sequuntur
2006 1446 2129 1494 quasi

506 1523 715 1563 subtilem
745 1523 943 1562 fraudem
977 1523 1203 1562 ebrietatis
1233 1523 1415 1562 inducit.
1444 1523 1628 1562 Plautus
1655 1523 1707 1563 de
1733 1523 1835 1562 vino
1865 1521 2009 1572 ‘pedes
2036 1532 2128 1571 cap-

506 1601 572 1640 tat
601 1600 761 1649 primo,
795 1599 985 1638 luctator
1017 1599 1195 1638 dolosus
1228 1601 1308 1638 eSt'
1341 1599 1517 1651 (Pseud.
1550 1601 1701 1648 1251);
1731 1598 1950 1648 Vergilius
1976 1599 2029 1638 de
2045 1608 2130 1638 uva

506 1677 621 1716 idem
659 1676 946 1725 ‘temptatura
977 1676 1109 1725 pedes
1141 1676 1246 1715 olim
1281 1677 1567 1725 vincturaque
1600 1677 1813 1725 linguam’
1846 1675 1936 1717 (Ge.
1970 1676 2009 1715 2.
2043 1675 2126 1720 94).

563 1754 586 1791 2
621 1762 744 1798 QUAM
776 1761 969 1791 erEBAR
1001 1763 1102 1791 ΜΙΗῐ
1134 1762 1234 1791 ESSE
1267 1763 1467 1792 PULCHRE
1499 1763 1680 1793 sommis
1713 1752 1822 1791 nihil
1856 1751 2125 1801 elegantius:

505 1839 591 1868 non
639 1829 751 1867 dixit
795 1827 988 1867 ‘videbar
1029 1829 1138 1867 mihi
1179 1830 1285 1868 tunc
1328 1839 1424 1868 esse
1457 1829 1648 1879 sobrius,
1683 1829 1759 1868 sed
1789 1831 1839 1881 ut
1869 1829 1952 1868 hoc
1981 1829 2125 1878 ipsum

505 1906 593 1944 iam
627 1904 788 1944 erroris
820 1906 939 1944 esset
970 1915 1020 1944 ac
1053 1905 1338 1956 vinolentiae,
1375 1905 1567 1945 ‘videbar
1598 1906 1722 1945 mihi‘
1755 1906 1900 1954 inquit
1927 1905 2126 1964 ‘nimium

504 1981 705 2020 sobrius’.
738 1982 763 2020 3
797 1991 998 2020 PULCHRE
1031 1981 1207 2021 fortiter
1239 1992 1290 2022 ac
1321 1983 1472 2022 nimis.

681 2056 699 2091 1
731 2065 781 2091 Ac
808 2065 895 2092 DUM
923 2066 1168 2092 ACCUBABAM
1197 2056 1260 2092 hic
1289 2058 1446 2093 verba
1476 2058 1596 2094 data
1624 2058 1733 2094 sunt.

564 2128 587 2165 2
615 2138 738 2166 SA'rrs
765 2138 885 2166 SUUM
913 2139 1120 2168 orrrcmm
1146 2139 1274 2168 EAcrr
1304 2129 1436 2168 bene:
1465 2139 1546 2168 nec
1568 2129 1686 2168 enim
1703 2128 1882 2168 omnino
1899 2138 1985 2168 non
2002 2128 2124 2178 facit,

507 2214 610 2243 nam
653 2204 733 2242 hoc
775 2205 974 2244 insaniae
1008 2207 1093 2254 est,
1127 2206 1203 2244 sed
1237 2215 1322 2244 non
1356 2206 1466 2244 satis
1498 2205 1602 2245 facit
1633 2205 1747 2253 quod
1779 2207 1848 2245 est
1887 2205 2124 2245 ebrietatis.

681 2279 698 2314 1
728 2288 860 2320 NEQUE
888 2289 958 2316 PES
987 2281 1037 2316 ad
1064 2280 1290 2326 incessum,
1321 2290 1453 2323 NEQUE
1479 2290 1585 2316 MENS
1615 2281 1663 2317 ad
1691 2280 1798 2317 facta
1825 2282 1866 2317 et
1894 2281 2009 2317 dicta.

562 2351 581 2388 1
625 2359 723 2395 QUIS
765 2360 840 2389 EST
881 2362 1003 2390 EHEM
1046 2362 1241 2391 PYTHIAS
1285 2351 1500 2402 εἰρωνικῶς
1542 2354 1587 2392 et
1627 2352 1739 2392 satis
1780 2352 1892 2392 miro
1924 2350 2124 2400 exemplo

503 2429 725 2465 mutatum
772 2428 932 2476 credit,
979 2430 1214 2477 postquam
1255 2429 1348 2477 ipse
1390 2430 1590 2468 mutatus
1627 2430 1708 2468 est.
1743 2429 1768 2468 2
1801 2438 1975 2474 QUANTO
2007 2436 2123 2467 nunc

502 2511 745 2540 FORMOSIOR
785 2513 943 2542 vrnERE
986 2515 1089 2542 Mrm
1132 2515 1256 2549 QUAM
1299 2515 1455 2543 DUDUM
1499 2505 1580 2544 hoc
1612 2504 1803 2544 multum
1837 2504 2125 2544 Academicos
2184 2521 2185 2531 2
2232 2516 2234 2518 ’

502 2578 641 2624 iuvat,
687 2579 760 2626 qui
797 2579 939 2629 aiunt,
973 2582 1103 2628 prout
1133 2580 1272 2619 habiti
1304 2581 1518 2619 fuerimus
1550 2583 1680 2629 atque
1713 2581 1874 2630 affecti,
1909 2581 1971 2619 ita
2001 2578 2124 2619 nobis
2182 2586 2183 2594 ¹

503 2653 620 2692 aliud
663 2656 794 2702 atque
838 2654 954 2694 aliud
987 2656 1126 2695 videri
1159 2658 1202 2696 et
1232 2657 1330 2696 ideo
1362 2656 1472 2695 nihil
1505 2657 1611 2696 certi
1643 2641 1953 2706 comprehendi
1982 2663 2121 2706 posse.
2180 2685 2181 2711 ³
2231 2673 2239 2688 ι

564 2732 583 2768 1
621 2739 754 2768 CERTE
787 2741 841 2769 TU
875 2740 1040 2776 QUIDEM
1072 2742 1151 2771 POL
1183 2734 1227 2771 et
1260 2728 1405 2771 ‘certe'
1434 2734 1479 2771 et
1505 2731 1604 2781 ‘pol’
1633 2733 1741 2772 haec
1767 2733 1898 2782 dixit,
1926 2734 1973 2771 ut
1997 2739 2121 2780 appa-

502 2807 618 2845 reret
649 2807 761 2845 hanc
795 2817 896 2846 vere
929 2807 1046 2855 loqui
1079 2818 1190 2856 quae
1223 2807 1368 2848 sobria
1398 2810 1484 2858 est,
1519 2809 1645 2848 illum
1678 2820 1781 2850 vero
1808 2819 1862 2848 ex
1889 2809 1988 2847 vino
2015 2805 2119 2846 falli.
2176 2863 2177 2867 Ἰ

647 2934 652 2939 ἱ
676 2880 697 2915 2
729 2881 779 2917 Et
816 2881 1035 2918 honorifice
1074 2884 1197 2927 atque
1228 2884 1274 2918 ut
1302 2883 1436 2919 sobria
1464 2893 1545 2920 non
1576 2884 1678 2920 dixit
1706 2883 2005 2928 ‘temulentior',
2035 2881 2119 2917 ‘las-

621 2935 770 2970 crvior’.

563 3007 581 3043 1
628 3016 805 3044 VERBUM
846 3010 1015 3045 HERGLE
1061 3007 1143 3046 hoc
1185 3007 1226 3045 id
1272 3010 1338 3046 est
1379 3010 1760 3059 proverbium,
1800 3008 1925 3048 utin
1957 3005 2120 3046 Andria

504 3081 671 3120 ‘verum
704 3081 810 3120 illud
844 3082 1025 3121 verbum
1061 3085 1147 3130 est,
1185 3083 1313 3131 vulgo
1340 3084 1453 3130 quod
1481 3084 1562 3123 dici
1591 3085 1717 3124 solet’
1745 3085 1800 3124 (v.
1829 3084 1942 3123 426).
1972 3085 1996 3122 2
2023 3089 2117 3122 smr.
2170 3094 2171 3105 2

2222 3003 2239 3041 j

2215 3070 2235 3115 ss
