2242 3443
1013 211 1063 249 51

153 342 230 378 395
360 338 378 375 l
425 347 603 374 SINERES
648 347 755 374 VERO
805 346 938 373 ILLUM
984 345 1105 373 TUUM
1144 334 1195 371 ab
1229 335 1486 380 argumento
1519 332 1689 371 fabulae
1721 332 1792 383 (cf.
1816 334 1911 378 106)

299 413 457 460 repetit
491 413 684 451 ‘sineres'
719 422 853 460 nunc,
884 412 907 449 2
943 413 986 449 et
1017 410 1229 459 εἰρωνικῶς
1263 409 1516 456 interrogat.

151 492 228 528 396
357 489 382 525 2
426 487 519 526 Hoc
563 490 631 526 est
673 487 874 535 integris,
905 489 953 525 ut
985 496 1038 526 ne
1071 495 1206 524 unum
1242 484 1417 531 quidem
1451 484 1566 522 diem
1599 484 1746 522 minus
1778 495 1803 522 a
1835 494 1913 522 sex

299 563 527 602 mensibus
561 563 689 611 sciat,
724 563 826 610 quid
860 564 1091 610 coepturus
1124 561 1184 600 sit
1216 559 1354 599 filius:
1389 560 1521 598 nimis
1555 560 1722 598 comica
1754 562 1795 599 et
1827 570 1912 598 mo-

301 639 407 677 ralis
440 639 726 678 asseveratio.

475 714 494 749 1
525 723 636 749 roris
667 723 741 748 sax
770 722 970 748 MENSIBUS
1001 712 1125 747 ‘totis'
1155 710 1270 755 quasi
1297 711 1409 755 longi
1437 711 1530 747 sint.

154 791 227 826 397
362 785 385 822 2
419 785 747 833 <οοΕΡΕΗΙΤ>
777 794 862 823 non
893 784 1135 832 ‘olfecerit',
1164 785 1188 822 3
1218 785 1259 822 et
1287 784 1431 821 toturn
1460 782 1660 829 ridicule;
1690 791 1791 819 nam
1818 781 1917 828 quid

305 861 544 909 olfecisset,
579 862 650 908 qui
683 861 875 899 nondum
910 861 1139 908 quicquam
1174 859 1286 898 scire
1319 858 1534 907 coepisset
1567 858 1779 905 cuiusque
1812 857 1919 895 nari·

305 937 385 975 bus
430 937 536 976 nihil
580 937 797 976 obiectum
841 937 1028 975 fuisset?
1071 947 1174 975 nam
1218 936 1313 974 ideo
1347 945 1513 973 nares
1545 934 1686 972 dictae
1718 944 1743 972 a
1774 933 1920 972 nari-

306 1015 446 1062 tate,
493 1014 592 1061 quia
634 1024 714 1053 nos
757 1014 938 1052 odoratu
982 1013 1167 1052 doceant
1209 1013 1387 1061 praesto
1421 1013 1465 1049 et
1497 1020 1629 1059 prope
1662 1020 1776 1059 esse,
1812 1009 1922 1057 quod

307 1089 420 1129 oculi
453 1091 593 1130 adhuc
625 1101 711 1130 non
746 1091 908 1130 vident.

477 1166 496 1200 1
515 1176 627 1208 QUAM
642 1176 730 1202 ILLE
743 1176 948 1209 QUICQUAM
962 1175 1151 1202 COEPERIT
1167 1164 1342 1201 multum
1362 1164 1461 1200 dixit
1478 1165 1518 1199 et
1539 1163 1574 1198 ‘a
1585 1172 1609 1197 n
1623 1164 1639 1197 t
1651 1172 1671 1197 e
1691 1171 1709 1197 s
1724 1170 1779 1197 ex
1799 1171 1839 1196 m
1852 1170 1872 1196 e
1884 1170 1923 1195 n-

427 1219 522 1255 ses'
552 1223 591 1257 et
623 1221 947 1257 ‘olfecissem’
979 1222 1019 1256 et
1050 1220 1207 1265 ‘prius
1237 1228 1383 1263 quam
1409 1217 1670 1262 coeperit'.

160 1297 238 1333 398
370 1292 389 1328 1
435 1302 729 1331 VIGILANTIAM
770 1304 892 1333 TUAM
936 1303 991 1330 TU
1023 1303 1125 1331 MIHI
1157 1301 1334 1330 NARRAs
1366 1290 1408 1329 id
1442 1292 1531 1329 est:
1566 1298 1697 1336 quam
1730 1286 1925 1325 maxime

311 1369 415 1407 scio.
452 1370 476 1406 2
510 1379 574 1407 sm
606 1380 698 1408 SIET
732 1380 847 1408 MODO
881 1380 936 1408 UT
970 1379 1087 1407 NUNC
1120 1379 1195 1407 EST
1229 1378 1315 1407 non
1342 1367 1447 1405 dicit
1479 1366 1595 1417 qui,
1630 1374 1732 1412 ergo
1760 1363 1926 1412 respice

312 1444 364 1482 ad
396 1447 707 1492 argumentum
741 1446 841 1490 (138
855 1441 967 1496 sqq.)
1002 1447 1045 1483 et
1076 1443 1238 1482 ridebis
1270 1444 1379 1481 haec
1411 1443 1638 1490 optantem
1671 1439 1897 1479 Demeam.

164 1526 241 1561 399
368 1531 423 1559 UT
465 1530 649 1566 QUISQUE
691 1532 811 1560 SUUM
855 1531 966 1559 VULT
1008 1531 1109 1559 nssE
1142 1530 1216 1557 ITA
1249 1529 1323 1558 EST
1356 1520 1437 1556 hae
1470 1519 1574 1556 sunt
1606 1516 1850 1555 sententiae
1885 1516 1929 1553 et

312 1607 484 1644 semper
515 1597 823 1646 hyperbolicae
856 1600 899 1636 et
930 1607 1006 1645 pro
1037 1596 1234 1645 personis
1266 1594 1485 1640 ridiculae,
1515 1592 1698 1631 Plautus
1722 1592 1766 1629 in
1794 1590 1929 1629 Milite

310 1672 499 1721 glorioso
526 1671 612 1724 (68)
642 1673 793 1712 ‘nimia
819 1676 888 1712 est
915 1673 1112 1721 miseria,
1142 1672 1277 1710 nimis
1304 1670 1535 1719 pulchrum
1559 1679 1657 1708 esse
1676 1667 1928 1706 hominem'.

166 1753 244 1789 400
376 1750 395 1787 1
443 1758 546 1794 QUID
588 1760 681 1788 EUM
724 1760 917 1788 vrmsmm
956 1760 1090 1787 Home
1136 1747 1249 1795 ‘quid
1293 1748 1438 1786 eum?'
1482 1746 1659 1784 initium
1693 1745 1927 1790 interroga-

313 1826 446 1864 tionis
488 1826 662 1864 futurae
706 1827 757 1865 de
797 1836 983 1874 persona
1025 1825 1225 1873 alicuius,
1259 1823 1397 1862 sicin
1431 1822 1930 1862 Heautontimorumeno

314 1901 429 1942 (950)
475 1901 562 1940 ‘sed
606 1902 767 1950 Syrum
802 1923 855 1929 —
891 1901 999 1950 Quid
1042 1901 1190 1940 eum?'
1228 1901 1251 1937 2
1286 1909 1467 1938 TUUMNE
1499 1908 1653 1936 FILIUM
1687 1897 1768 1935 hoc
1800 1895 1929 1934 clare.

316 1978 340 2016 3
389 1988 569 2016 TUUMNE
610 1989 765 2017 FILIUM
807 1979 944 2017 moris
987 1980 1073 2027 est,
1119 1985 1167 2015 ut
1209 1977 1281 2024 qui
1324 1975 1489 2024 cogitat
1520 1974 1620 2022 quid
1653 1972 1929 2021 respondeat,

316 2053 658 2102 interrogatione
691 2056 949 2094 remoretur.

170 2135 244 2171 401
378 2132 398 2167 1
433 2140 608 2169 ABIGAM
638 2141 744 2169 HINC
776 2141 859 2169 Rus
892 2134 941 2169 ut
972 2130 1182 2178 pecudem
1215 2129 1328 2167 dixit
1361 2127 1580 2175 ‘abigam',
1610 2135 1695 2165 non
1723 2130 1770 2164 ut
1796 2123 1931 2162 homi·

319 2216 420 2245 nem
449 2206 670 2256 ‘mittam’,
700 2228 748 2233 -
775 2208 800 2245 2
824 2217 999 2246 ABIGAM
1022 2207 1105 2244 hoc
1132 2206 1296 2244 lentius
1321 2202 1362 2256 ¹).
1384 2226 1435 2231 —
1457 2205 1481 2242 3
1508 2206 1551 2241 et
1575 2201 1778 2250 ‘abigam'
1803 2200 1930 2247 dixit,

319 2282 432 2321 unde
474 2282 776 2322 abactores
817 2283 945 2321 dicti:
989 2282 1135 2321 Cicero
1186 2283 1230 2320 in
1280 2281 1475 2320 Verrinis
1521 2275 1667 2328 (1.28)
1709 2281 1932 2324 ‘equarum

296 2368 477 2406 greges
518 2358 654 2397 istum
697 2359 934 2407 abigendos
977 2358 1184 2397 curasse’.
1229 2359 1254 2395 4
1299 2367 1380 2395 IAM
1422 2365 1576 2394 DUDUM
1614 2363 1795 2398 ALIQUID
1828 2361 1932 2388 Rufri

321 2435 401 2473 hoc
444 2434 572 2473 clare.
617 2435 641 2472 5
678 2444 860 2480 ALIQUID
893 2444 998 2472 Rum
1035 2444 1179 2472 AGERE
1211 2443 1431 2472 ARBrfflon
1462 2433 1543 2470 hoc
1575 2430 1672 2479 plus
1704 2438 1771 2467 est
1803 2436 1932 2474 quam

323 2510 426 2549 ‘illic
463 2511 594 2549 esse’:
632 2510 726 2549 vult
759 2511 876 2549 enim
911 2521 1011 2549 cum
1044 2510 1172 2549 laude
1204 2510 1298 2548 eius
1331 2508 1467 2559 loqui,
1501 2509 1549 2546 ut
1579 2515 1711 2554 supra
1741 2505 1825 2548 (95)
1860 2502 1935 2540 ‘rei

324 2586 425 2625 dare
463 2596 663 2636 operam,
707 2587 798 2626 ruri
839 2597 936 2626 esse
980 2596 1159 2635 parcum
1194 2596 1243 2624 ac
1276 2585 1490 2631 sobrium;
1525 2584 1550 2621 6
1583 2584 1626 2620 et
1659 2580 1811 2629 ‘agere’
1845 2587 1936 2626 pro·

324 2662 416 2710 prie
449 2663 580 2711 dixit,
615 2673 718 2702 nam
751 2663 802 2701 ab
831 2662 1043 2710 agendo
1072 2672 1194 2710 ager
1222 2662 1366 2700 dictus
1395 2662 1481 2708 est,
1510 2657 1624 2706 quod
1650 2657 1693 2695 in
1721 2666 1770 2694 eo
1796 2653 1936 2692 multa

326 2739 494 2785 agenda
523 2740 642 2777 sunt.

180 2821 256 2858 402
382 2825 499 2861 QUEM
530 2824 700 2853 EGOMET
733 2824 926 2853 PRODUXI
965 2816 1137 2853 mutata
1168 2812 1488 2862 praepositione
1523 2819 1608 2848 non
1641 2806 1827 2845 ‘deduxi’
1861 2804 1935 2842 sed

329 2888 539 2941 ‘produxi’
574 2891 700 2939 dixit,
737 2891 778 2929 id
813 2893 881 2929 est
913 2901 1038 2938 porro
1072 2891 1192 2929 duxi.

168 3091 203 3129 ⁴1
232 3053 266 3130 ⁴)t
287 3052 367 3130 {loc
396 3052 579 3087 scholium
613 3051 658 3084 de
690 3046 1000 3093 pronuntiatione
1033 3044 1206 3078 Donatus
1233 3041 1365 3076 habuit
1390 3041 1477 3084 post
1502 3038 1534 3077 3,
1562 3037 1762 3077 iunctaque
1787 3032 1937 3066 fuerunt

230 3108 248 3130 e
313 3123 320 3131 .
