2242 3443
374 347 448 382 140

373 598 446 634 142

373 1028 447 1065 143

374 1196 448 1233 144

374 1699 449 1736 145

372 2446 448 2483 146

374 2813 447 2850 147

374 2904 449 2940 146

375 2996 448 3032 147

1226 216 1278 252 22

581 353 696 386 QUAE
729 352 829 379 susi:
864 351 907 378 m
943 351 1078 379 mmm
1114 349 1287 377 mmmm
1319 348 1477 376 vonum·
1507 337 1596 375 illic
1626 335 1738 374 ‘mea
1765 333 2031 383 Glycerium’
2061 335 2132 374 hic

519 427 758 466 pronomen
810 416 940 454 dixit:
991 417 1102 454 mira
1147 414 1462 461 dissimulatio,
1512 414 1740 459 tamquam
1788 410 1910 450 illam
1958 411 2133 459 praeter

518 492 758 542 periculum
793 493 974 531 nesciat.

577 594 600 631 2
634 604 762 632 TULIT
795 604 869 641 pro
903 592 1106 640 ‘attulit';
1141 592 1216 630 sed
1251 591 1393 629 multa
1425 588 1661 639 significat,
1697 590 1738 628 et
1771 588 1882 627 alias
1909 587 2134 638 ‘pertulit’‚

519 672 566 708 ut
593 669 664 708 ille
689 670 786 708 ‘non
818 669 916 707 tulit
948 670 1058 707 lianc
1086 678 1119 707 s.
1149 668 1176 706 f.
1207 678 1265 706 m.
1297 666 1359 716 C’,
1391 667 1500 705 alias
1525 665 1746 714 ‘sustulit’,
1766 666 1816 703 ut
1834 664 1950 704 idem
1971 663 2133 704 ‘omnia

518 746 601 784 fert
633 746 770 784 aetas'
803 747 929 799 (Aen.
965 745 1004 783 2.
1039 745 1138 783 407.
1173 744 1259 782 Eol.
1292 744 1331 782 9.
1369 744 1452 786 51).
1487 745 1541 784 (α)

692 820 709 854 1
750 830 833 854 NAM
874 829 909 854 sr
938 828 1060 853 mmm
1091 827 1287 854 OBIURGES
1318 828 1354 853 V.
1385 827 1418 859 Q-
1448 827 1487 852 A.
1517 826 1552 852 Τ.
1583 818 1870 860 argumentum
1899 826 1952 853 ex
1979 817 2131 852 coniec-

637 875 727 909 tura
769 883 837 917 per
879 873 1228 908 ratiocinationem
1274 881 1296 907 a
1337 871 1557 915 contrario,
1600 872 1644 905 ut
1687 871 1719 905 si
1759 870 1886 906 dieas:
1925 870 2019 907 forti
2046 871 2133 907 viro

637 929 857 972 praemium
883 928 1067 971 debetur,
1084 927 1117 962 si
1134 926 1329 962 desertori
1347 935 1478 970 poena
1493 925 1717 961 constituta
1733 926 1806 960 est.
1826 925 1848 960 3
1865 933 1890 959 a
1903 934 1974 970 pro
1989 923 2133 961 aufert.

579 1026 598 1062 1
643 1034 745 1069 QUID
784 1034 942 1062 FAcrAs
982 1034 1070 1061 ILLI
1107 1032 1183 1071 pro
1226 1022 1315 1061 illo.
1359 1023 1381 1060 2
1417 1031 1490 1066 QUI
1522 1030 1708 1059 DEDERIT
1741 1031 1933 1061 DAMNUM
1964 1032 2052 1061 AUT
2085 1032 2130 1061 M.

518 1100 758 1138 ‘damnum’
791 1100 851 1138 rei
883 1102 968 1147 est,
1005 1095 1203 1138 ‘malum'
1236 1098 1376 1148 ipsius
1408 1098 1612 1137 hominis.

577 1193 600 1229 2
637 1191 684 1229 Et
716 1192 848 1231 mire:
883 1202 1016 1240 supra
1047 1194 1102 1232 (v.
1141 1192 1238 1231 100)
1266 1191 1395 1230 ‘ultro
1423 1192 1475 1230 ad
1504 1202 1574 1229 me
1604 1191 1765 1238 venit’;
1795 1200 1896 1240 ergo
1914 1192 1984 1231 hic
2002 1202 2135 1231 causa

518 1268 621 1306 iusti
653 1267 811 1306 doloris
839 1268 1104 1317 ostenditur,
1125 1268 1297 1315 quando
1316 1267 1433 1306 dolet
1452 1267 1585 1306 etiam
1606 1266 1827 1306 Chremes.
1843 1279 1852 1315 ;
1870 1277 1972 1306 nam
1992 1267 2134 1316 potuit

520 1354 605 1383 non
653 1344 834 1383 daturus
882 1343 1017 1383 filiam
1067 1354 1153 1382 non
1198 1344 1364 1383 venire.
1409 1345 1434 1383 3
1483 1354 1709 1383 Pos'rnmm
1747 1354 1807 1383 AD
1849 1354 1909 1382 ME
1950 1346 1999 1382 ut
2039 1344 2135 1383 sine

517 1419 724 1458 dilatione
750 1420 852 1458 sciri
877 1421 1030 1468 possit.
1058 1422 1083 1458 4
1111 1431 1162 1458 ΕΤ
1191 1430 1442 1459 otAivnrANS
1460 1420 1733 1468 indignantis
1752 1422 1838 1469 est,
1857 1421 1906 1459 ut
1924 1419 2135 1459 ‘clamant

519 1496 685 1535 omnes’
720 1496 814 1536 (Ad.
849 1496 932 1535 91).

694 1571 710 1605 1
755 1580 875 1605 νεΝΙΤ
919 1581 1103 1606 CHREMES
1140 1581 1176 1606 P.
1215 1580 1253 1606 A.
1291 1581 1333 1607 M.
1373 1581 1405 1606 c.
1436 1575 1723 1615 argumentum
1751 1580 1803 1606 ex
1830 1570 2059 1607 coniectura
2087 1571 2133 1607 de

638 1624 825 1659 testibus.

581 1697 599 1733 1
635 1705 858 1735 mmmmm
889 1707 1078 1736 FACINUs
1111 1707 1147 1735 c.
1180 1707 1218 1736 P.
1253 1697 1376 1735 deest
1409 1695 1498 1735 ‘se’.
1535 1697 1559 1735 3
1587 1706 1810 1736 INDIGNUM
1836 1707 2024 1737 FAGINUS
2050 1697 2130 1736 dis-

518 1772 827 1822 tinguendum,
861 1775 909 1811 ut
940 1783 1014 1822 per
1047 1783 1094 1812 se
1128 1773 1413 1822 intellegatur
1448 1773 1692 1821 ‘indignum
1725 1774 1932 1813 facinus':
1966 1775 2010 1813 et
2042 1774 2136 1822 ipse

519 1847 636 1886 dolet
669 1849 888 1897 corrumpi
922 1849 1220 1898 Pamphilum.
1249 1851 1274 1888 4
1302 1860 1566 1889 compnmssn
1594 1860 1696 1899 ergo
1724 1850 1777 1889 ab
1804 1849 1922 1899 aliis,
1941 1852 1991 1889 ut
2007 1860 2132 1899 appa·

518 1926 611 1962 reat
644 1934 866 1973 eversum,
901 1925 1014 1972 quod
1047 1925 1108 1964 ait
1140 1929 1196 1970 (v.
1231 1926 1301 1971 96)
1338 1925 1447 1965 ‘tum
1481 1936 1566 1966 uno
1599 1937 1672 1966 ore
1705 1927 1873 1966 omnes’
1907 1929 1950 1965 et
1975 1925 2033 1968 (v.
2062 1927 2135 1974 99)

522 1999 617 2038 ‘hac
648 1999 768 2038 fama
800 2000 1018 2049 impulsus
1050 2000 1124 2041 03.
1158 2003 1183 2041 5
1216 2012 1481 2041 PAMPHILUM
1514 2012 1595 2042 PRo
1623 2013 1769 2042 UXORE
1796 2014 1843 2044 H.
1868 2013 1913 2042 H.
1941 2013 1980 2042 P.
2007 2002 2132 2041 Pam-

518 2075 684 2124 philum
718 2086 816 2115 oum
851 2077 1050 2126 emphasi
1082 2078 1210 2127 dixit,
1246 2078 1287 2117 id
1320 2081 1388 2118 est
1419 2079 1658 2127 pudentem
1691 2081 1734 2118 et
1761 2079 1868 2119 bene
1895 2080 2134 2118 moratum.

521 2153 545 2190 6
578 2151 630 2189 Et
663 2162 743 2191 neo
777 2151 1011 2202 ‘amicam’,
1046 2154 1122 2192 sed
1156 2153 1245 2202 ‘pro
1279 2155 1444 2203 uxore’,
1479 2155 1589 2194 mire
1622 2165 1744 2204 ergo,
1778 2155 1903 2202 quasi
1933 2164 2020 2194 non
2052 2154 2135 2193 hoc

519 2227 664 2266 doleat
695 2228 808 2275 quod
841 2230 980 2277 amet,
1015 2230 1091 2268 sed
1124 2230 1236 2277 quod
1269 2240 1346 2279 pro
1378 2241 1515 2270 uxore
1548 2231 1722 2270 habeat.
1755 2228 1814 2279 (a)

690 2303 711 2337 2
742 2303 791 2338 Et
820 2303 973 2339 incerta
1001 2304 1215 2340 distinctio.
1246 2305 1269 2340 6
1300 2316 1323 2340 α
1353 2307 1393 2341 et
1423 2305 1542 2342 simul
1571 2306 1780 2357 exeusatio
1809 2306 1931 2342 filiam
1959 2306 2133 2350 denega-

636 2356 716 2392 turi
745 2357 884 2393 soceri.

581 2446 598 2482 1
634 2454 714 2483 PRO
746 2454 893 2483 UxoRE
925 2455 1103 2484 HABERE
1136 2456 1180 2485 H.
1211 2457 1248 2485 P.
1280 2446 1420 2486 ‘hanc’
1448 2457 1549 2486 cum
1577 2449 1834 2496 contemptu
1862 2447 2029 2486 dictum
2048 2448 2130 2487 est.

520 2520 544 2557 2
587 2519 636 2558 Ει
678 2530 964 2560 PEREGRINAM
1005 2523 1054 2560 ut
1095 2521 1198 2560 alibi
1242 2521 1393 2562 ‘adeon
1425 2525 1492 2562 est
1525 2524 1598 2562 d.?
1630 2534 1685 2562 ex
1717 2523 1804 2572 p.?’
1837 2525 1892 2565 (V.
1926 2523 2042 2564 469).
2076 2526 2131 2568 (a)

519 2595 543 2633 3
577 2605 657 2634 neo
690 2606 822 2635 ILLUD
855 2607 1020 2635 snnnto
1053 2599 1213 2645 quanto
1240 2598 1400 2637 affectu
1429 2600 1553 2648 pater
1580 2599 1694 2647 quod
1722 2599 1893 2647 viderat
1919 2598 2130 2648 negabat!

692 2670 713 2704 2
745 2680 769 2704 a
795 2679 889 2706 nam
914 2670 988 2706 hoc
1012 2671 1177 2707 nomine
1202 2671 1324 2707 etiam
1347 2673 1580 2709 meretrices
1594 2673 1923 2710 nominabantur.
1940 2675 1963 2710 4
1980 2683 2133 2710 snntmo

636 2725 836 2766 quomodo
867 2724 1061 2769 ‘sedulo''‚
1092 2725 1126 2760 si
1158 2727 1361 2769 negabat?
1387 2737 1437 2763 an
1464 2727 1602 2763 sedulo
1627 2728 1732 2771 ὡσεὶ,
1749 2727 1852 2764 idest
1867 2728 2133 2773 simpliciter?

578 2813 595 2849 l
631 2822 808 2852 NEGARE
840 2825 1016 2854 morou
1047 2814 1415 2863 impersonaliter.

573 2904 597 2942 5
631 2914 795 2944 SEDULo
828 2906 930 2954 quia
963 2917 1048 2946 non
1082 2907 1220 2946 semel
1249 2909 1427 2956 negavit
1461 2909 1528 2948 vel
1560 2909 1633 2948 ille
1667 2909 1842 2949 institit.

577 2995 601 3032 3
633 3006 731 3034 ILLE
771 3001 928 3036 msTA'r
970 3009 1146 3038 FAGTUM
1179 2998 1363 3037 Plautus
1399 2999 1578 3039 ‘instare
1610 3001 1776 3040 factum
1809 3002 1955 3042 simia’
1988 3003 2129 3046 (Mero.

522 3069 620 3109 242)
655 3073 698 3109 et
730 3074 798 3110 est
829 3070 1055 3122 ἀρχαῖσμὸς.
1088 3075 1113 3113 6
1144 3083 1336 3119 mimoni:
1369 3074 1412 3114 id
1444 3077 1512 3114 est
1542 3077 1778 3124 postremo.
