2242 3443
1002 184 1080 220 199

301 303 414 355 peris
464 305 737 354 Phidippum,
783 307 907 352 quasi
949 317 1034 345 non
1075 309 1274 354 oporteat
1316 308 1526 346 interesse
1560 320 1773 356 socerum,
1809 311 1913 349 adeo

298 384 443 422 mutat
476 381 744 421 sententiam
775 381 941 420 Laches
969 385 1009 421 et
1037 382 1202 430 relegat
1231 393 1331 420 eum
1362 383 1403 420 in
1433 385 1781 430 procurationem
1810 386 1910 423 alte-

299 458 390 497 rius
423 458 496 496 rei.

153 538 227 574 726
357 544 579 572 NUTRICEM
613 543 730 572 PARA
764 532 897 581 ‘para’
931 544 1006 582 pro
1039 533 1241 580 ‘quaere’.

1014 922 1049 959 1.

151 1060 222 1096 727
358 1057 375 1093 1
422 1065 508 1094 NON
542 1066 624 1094 Hoc
659 1066 712 1094 DE
746 1066 897 1094 nmmo
932 1067 1006 1096 ns‘r
1039 1066 1152 1100 QUOD
1186 1068 1353 1097 LACHES
1386 1069 1501 1098 NUNC
1535 1070 1658 1098 rarus
1691 1060 1760 1098 hic
1794 1061 1909 1099 vitae

294 1131 411 1169 color
445 1132 486 1170 in
520 1131 602 1169 hac
634 1131 903 1170 allocutione
934 1132 1146 1170 miscetur
1179 1143 1201 1170 a
1235 1135 1374 1181 poeta,
1410 1144 1511 1172 nam
1541 1136 1751 1174 meretrix
1778 1135 1908 1183 loqui-

295 1209 366 1244 tur
399 1209 440 1245 et
474 1216 610 1245 senex
644 1209 697 1255 et,
734 1207 846 1254 quod
876 1209 943 1245 est
971 1208 1289 1253 admirabilius,
1325 1208 1462 1248 bona
1494 1213 1717 1259 meretriX,
1752 1212 1910 1250 mitis

292 1292 444 1331 senex,
483 1285 532 1320 ut
565 1282 797 1330 intellegas
830 1282 1056 1321 laborasse
1089 1283 1342 1322 Terentium
1368 1281 1405 1331 ¹),
1440 1288 1488 1323 ut
1522 1288 1563 1323 et
1596 1296 1621 1324 a
1652 1286 1745 1334 lege
1777 1288 1908 1325 comi-

291 1369 439 1397 corum
488 1359 708 1397 recederet
755 1361 797 1397 et
845 1359 886 1396 in
935 1361 1032 1397 actu
1081 1362 1231 1398 tamen
1280 1362 1643 1400 consuetudinem
1686 1363 1906 1401 retineret.

293 1435 316 1471 2
350 1444 435 1473 Non
469 1445 553 1473 Hoc
584 1445 638 1472 DE
671 1444 823 1472 nmmo
856 1445 930 1472 EST
959 1435 1087 1472 debet
1116 1437 1265 1474 mirari
1295 1438 1516 1483 meretrix,
1547 1448 1646 1476 cum
1676 1438 1729 1476 ad
1756 1448 1905 1476 senem

291 1511 477 1559 ducitur,
523 1510 651 1549 debet
683 1512 853 1558 timere,
888 1521 985 1549 cum
1021 1512 1073 1549 ad
1104 1515 1289 1561 patrem,
1324 1513 1451 1551 debet
1483 1514 1697 1562 suspicari
1731 1514 1906 1563 aliquid,

291 1587 418 1625 cuius
450 1588 622 1625 amator
653 1587 740 1624 iarn
775 1586 965 1625 maritus
998 1589 1078 1625 est.

461 1660 483 1696 3
512 1670 592 1696 NON
622 1670 700 1695 Hoc
728 1670 780 1695 DE
808 1670 948 1695 N1H1Lo
979 1671 1049 1696 EST
1073 1661 1354 1698 coniecturalis
1380 1672 1501 1698 causa
1526 1666 1609 1699 est:
1636 1664 1777 1708 recipis
1793 1664 1906 1700 Parn-

408 1714 594 1758 philum‘?
624 1724 702 1749 non
734 1715 891 1758 recipio.

144 1790 218 1825 728
356 1787 374 1823 1
414 1795 495 1824 Nnc
538 1796 616 1824 Por,
659 1795 718 1823 ME
755 1785 1063 1833 <MULTUM>
1096 1797 1252 1825 FALLIT
1286 1797 1389 1831 QUIN
1424 1797 1536 1832 QUOD
1569 1798 1772 1828 suspmon
1803 1791 1905 1829 ordo

288 1863 331 1899 et
362 1872 522 1900 sensus
553 1863 623 1900 hic
658 1864 747 1900 est:
784 1872 862 1899 nec
895 1861 965 1910 pol
1005 1873 1075 1900 me
1109 1863 1300 1901 multum
1335 1862 1460 1908 fallit,
1495 1864 1611 1912 quin,
1646 1865 1757 1911 quod
1788 1866 1905 1914 velit,

289 1938 369 1977 hoc
402 1939 458 1976 sit
493 1939 603 1985 quod
638 1940 849 1992 suspicor.

460 2012 484 2048 2
527 2012 615 2047 Vel:
655 2023 734 2048 non
775 2023 838 2048 me
878 2013 1051 2048 multum
1081 2013 1193 2057 fallit,
1224 2015 1328 2058 quod
1359 2014 1465 2059 velit,
1495 2015 1587 2058 quin
1619 2015 1693 2050 hoc
1721 2015 1773 2050 sit
1800 2015 1903 2058 quod

403 2068 599 2110 suspicor.
641 2066 662 2102 3
692 2076 787 2109 QUIN
817 2076 921 2109 ouon
952 2077 1142 2103 SUSPICOR
1169 2070 1285 2103 ordo:
1316 2069 1423 2112 quin,
1453 2070 1555 2112 quod
1588 2068 1696 2113 velit,
1721 2069 1776 2104 sit
1802 2069 1902 2112 quod

406 2131 601 2165 suspicor.

142 2195 216 2232 729
349 2193 365 2230 1
414 2202 469 2230 NE
512 2202 650 2231 Mmus
687 2202 880 2230 PROPTER
913 2203 1024 2231 IRAM
1055 2204 1176 2231 HANG
1210 2203 1432 2232 IMPETREM
1466 2204 1588 2238 QUAM
1620 2204 1771 2233 Possm
1804 2194 1903 2241 quia

284 2277 370 2306 non
413 2275 507 2306 erat
551 2268 790 2306 verisimile
833 2268 1081 2306 benivolum
1118 2279 1216 2307 esse
1250 2272 1418 2318 patrem
1453 2270 1674 2308 meretrici
1706 2269 1905 2308 intertur-

282 2343 419 2390 banti,
456 2344 597 2382 reddit
630 2344 849 2382 rationem
882 2353 1032 2390 senex,
1067 2354 1142 2382 cur
1174 2347 1277 2392 agat
1310 2344 1474 2393 mitius,
1506 2355 1558 2383 ne
1588 2346 1786 2384 videatur
1813 2355 1903 2394 per—

284 2427 418 2457 sonae
451 2419 607 2458 modus
640 2429 725 2457 non
759 2429 855 2457 esse
888 2421 1105 2458 servatus

140 2497 214 2532 728
343 2496 369 2531 4
403 2505 484 2533 Nnc
517 2505 600 2535 POL
631 2504 691 2533 ΜΕ
723 2504 907 2533 MULTUM
939 2505 1095 2533 FALLIT
1133 2505 1291 2534 sensus
1323 2496 1392 2534 hic
1425 2498 1514 2534 est:
1550 2505 1632 2543 quo
1665 2496 1824 2542 minus,
1860 2496 1900 2533 id

285 2569 343 2606 sit
375 2570 489 2617 quod
522 2580 592 2607 me
629 2573 767 2617 vocat,
801 2571 912 2617 quod
946 2571 1158 2618 suspicor.

136 2647 210 2684 729
340 2645 364 2682 2
411 2655 638 2683 VIDENDUM
684 2655 757 2682 EST
802 2645 1135 2693 providendum,
1171 2647 1430 2684 cavendum.
1467 2647 1491 2684 3
1525 2656 1746 2685 IMPETREM
1778 2645 1898 2695 perfi-

280 2720 409 2767 ciam,
448 2720 614 2758 dictum
650 2730 674 2757 a
706 2721 1006 2767 patrando:
1042 2722 1166 2759 cuius
1200 2722 1261 2759 rei
1293 2721 1526 2760 difficultas
1558 2721 1611 2760 ob
1643 2721 1896 2759 tarditatem

284 2795 640 2843 complendarum
690 2795 943 2842 nuptiarum
995 2796 1127 2834 etiam
1178 2797 1229 2834 ad
1278 2796 1364 2834 alia
1411 2797 1597 2844 negotia,
1646 2806 1754 2843 quae
1796 2799 1896 2834 sunt

283 2870 433 2919 ardua,
468 2871 651 2910 verbum
687 2872 766 2909 hoc
799 2871 1098 2910 commodavit
1131 2882 1180 2910 ac
1213 2872 1343 2910 dedit.

184 3004 208 3045 ¹)
233 3004 505 3039 Terentium
550 3005 571 3039 i.
598 3018 629 3039 e.
664 3005 1024 3048 Apollodorum:
1062 3006 1145 3041 vide
1185 3019 1280 3050 quae
1319 3007 1364 3040 de
1404 3007 1472 3040 hoc
1508 3006 1769 3049 similibusque
1806 3006 1896 3040 locis

137 3056 273 3100 'scripsi
298 3057 335 3091 in
360 3057 455 3092 libro
481 3059 518 3092 in
546 3057 704 3092 Booiii
729 3058 905 3092 honorem
932 3058 1034 3092 edito
1060 3058 1368 3101 (‘Feestbundel’)
1394 3071 1425 3092 a.
1453 3058 1531 3092 1901
1561 3071 1594 3102 p.
1620 3058 1686 3092 205
1709 3070 1790 3102 sqq.
