2242 3443
0 3395 37 3443 ii

954 174 1036 211 155

111 301 186 337 365
315 298 334 334 1
385 306 407 335 o
439 307 733 335 FORTUNATUM
765 307 897 334 rsrmn
927 306 1171 335 EUNUCHUM
1203 294 1365 334 ‘istum’
1398 304 1525 342 saepe
1558 293 1865 332 adnotavimus

258 373 333 410 aut
365 372 417 410 ad
451 374 751 420 contemptum
784 374 859 410 aut
891 371 944 410 ad
977 371 1122 410 odium
1153 370 1304 409 referri
1331 372 1380 408 ut
1406 369 1624 417 Vergilius
1652 368 1740 407 ‘aut
1765 369 1864 416 quid

256 447 369 495 petis
402 447 530 496 istis’,
564 450 607 486 et
640 447 740 486 ‘ista
772 447 946 494 quidem
980 448 1094 494 quia'
1129 448 1229 485 cett.
1265 445 1384 484 (Aen.
1421 448 1459 484 9.
1494 446 1562 493 94,
1602 446 1667 483 12.
1697 445 1809 483 808).
1840 446 1862 481 2

258 531 331 567 Qut
373 532 538 567 QUIDEM
586 533 631 561 IN
683 534 802 561 HANG
840 533 983 561 DETUR
1014 533 1169 560 Donum
1202 521 1301 569 quid
1333 520 1506 559 facilius
1539 530 1669 567 quam
1700 520 1867 558 imitari

257 597 368 637 velle
410 599 522 646 quod
565 599 748 637 laudes?
790 608 872 637 nec
913 599 1144 646 quisquam
1184 598 1268 636 nisi
1311 597 1383 644 qui
1421 596 1539 644 cupit
1585 595 1759 644 eligitur
1791 605 1866 643 pro

257 674 473 722 eunucho,
508 675 756 713 eunuchum
792 677 918 722 putat
950 674 1142 712 beatum.

111 753 187 790 369
309 758 412 793 omn
456 760 493 787 sr
533 759 650 788 NUNC
692 761 800 788 TUTE
845 759 1130 788 FORTUNATUS
1168 758 1266 786 FiAs
1297 748 1360 786 sic
1397 747 1570 785 videtur
1602 746 1742 785 dicere
1776 747 1871 785 Par-

256 835 384 864 meno
413 835 460 864 ut
492 827 661 865 iocetur
694 836 826 874 quam
861 828 910 864 ut
943 826 1090 864 credat
1123 824 1217 864 fieri
1248 834 1391 873 posse.

112 905 187 941 370
313 902 333 938 1
374 910 476 946 QUID
518 912 607 939 TUM
649 901 809 949 <Ρ.>
843 901 938 940 vide
971 911 1102 948 quam
1138 900 1260 939 molli
1292 900 1507 939 descensu
1539 899 1591 937 ad
1623 899 1705 937 hoc
1737 898 1871 936 consi-

251 975 358 1014 lium
401 978 676 1026 pervenitur;
710 987 778 1016 res
807 977 923 1016 enim
957 978 1037 1016 hoc
1068 976 1263 1025 suggerit
1295 975 1440 1024 potius
1473 985 1604 1022 quam
1637 974 1870 1022 Parmeno,

259 1051 354 1090 ideo
387 1053 488 1100 quia
519 1063 698 1092 servum
731 1054 812 1092 hoc
847 1053 1029 1091 suadere
1063 1051 1279 1091 Chaereae
1306 1051 1439 1089 nimis
1466 1050 1749 1089 temerarium
1777 1049 1872 1088 fuit.

112 1134 187 1171 366
311 1139 412 1173 Qun)
455 1139 529 1167 ITA
570 1129 715 1177 potuit
757 1128 1011 1176 intellegere
1042 1128 1197 1167 statim
1230 1136 1404 1175 servus,
1438 1126 1514 1165 sed
1548 1126 1599 1164 ad
1633 1126 1715 1164 hoc
1746 1126 1872 1163 inter-

260 1207 386 1253 rogat
417 1207 466 1243 ut
497 1206 719 1254 spectator
752 1205 974 1243 doceatur.

114 1285 186 1321 367
314 1281 337 1318 2
367 1291 540 1319 VIDEBIT
568 1290 874 1325 COLLOQUETUR
900 1290 1061 1318 ADERIT
1078 1290 1171 1318 UNA
1190 1289 1235 1317 IN
1253 1289 1354 1317 unis
1373 1288 1562 1316 AEDIBUS
1580 1277 1688 1316 mire
1704 1282 1874 1315 amator

258 1366 344 1395 non
381 1357 519 1395 semel
563 1356 716 1395 effudit
763 1357 844 1395 hoc
886 1356 1068 1405 bonum,
1113 1356 1190 1394 sed
1232 1353 1533 1404 particulatim
1576 1353 1776 1402 digessit,
1826 1353 1875 1390 ut

257 1432 397 1471 maior
431 1431 633 1480 voluptas
664 1432 814 1470 futura
842 1442 938 1471 esse
955 1433 1176 1470 noscatur.
1196 1432 1220 1469 3
1240 1441 1413 1469 erEBrr
1432 1439 1738 1474 COLLOQUETUR
1756 1439 1872 1467 CETT.

260 1509 368 1548 istae
411 1509 527 1548 enim
569 1510 673 1547 sunt
715 1509 879 1547 amoris
910 1508 1071 1557 lineae,
1106 1508 1191 1546 etsi
1224 1518 1298 1546 eas
1330 1517 1416 1546 non
1449 1515 1605 1545 omnes
1637 1506 1704 1544 est
1736 1512 1873 1552 perse·

260 1587 388 1623 cutus
422 1583 491 1626 (cf,
527 1584 626 1623 640.
661 1585 715 1625 2).

438 1660 453 1693 1
488 1657 510 1682 ³²⁴
539 1668 699 1694 vrnnssr‘r
722 1668 753 1693 c.
779 1667 927 1694 ADERIT
951 1667 1036 1692 UNA
1061 1657 1255 1693 amatorie
1280 1657 1401 1692 nimis
1425 1656 1599 1700 quinque
1623 1655 1749 1690 lineas
1771 1663 1875 1689 amo-

376 1713 430 1747 ris
459 1715 678 1748 exsecutus
707 1713 788 1757 est,
819 1713 916 1748 adeo
946 1712 1174 1756 diligenter,
1205 1712 1249 1746 ut
1278 1712 1401 1747 etiam
1430 1711 1612 1746 ordinem
1643 1708 1875 1745 custodiret.

119 1787 193 1824 370
317 1784 340 1822 2
384 1794 540 1822 CAPIAS
578 1794 633 1822 TU
677 1794 819 1822 ILLius
864 1794 1028 1822 vns'rnm
1062 1793 1146 1822 non
1180 1783 1320 1822 semel
1353 1782 1598 1822 ostenditur
1630 1780 1732 1828 quid
1764 1780 1876 1820 futu-

262 1869 358 1897 rum
399 1860 475 1908 sit,
518 1860 618 1907 quia
649 1859 950 1908 particulatim
982 1861 1127 1908 potest
1159 1859 1293 1897 etiam
1326 1858 1438 1906 quod
1471 1860 1595 1905 turpe
1628 1859 1694 1895 est
1725 1858 1876 1894 tamen

262 1935 427 1973 inmitti
470 1935 523 1974 ad
565 1936 924 1984 persuasionem,
961 1935 1100 1974 semel
1132 1935 1356 1983 ingestum
1388 1935 1618 1982 respuitur.
1653 1936 1678 1970 4
1710 1942 1876 1970 VESTEM

256 2021 387 2059 quam
429 2012 617 2051 libenter
658 2012 826 2061 audiat,
870 2012 1071 2060 repetitio
1115 2011 1330 2050 dictorum
1374 2021 1449 2059 per
1491 2008 1877 2057 interrogationem

264 2088 470 2127 ostendit.

437 2162 459 2197 3
498 2159 519 2179 ⁴¹²
559 2160 662 2205 Ergo
700 2171 781 2197 non
820 2161 920 2197 dixit
958 2162 1044 2197 ‘ibis
1073 2171 1146 2206 pro
1173 2158 1383 2205 eunucho’,
1413 2160 1483 2195 sed
1507 2160 1637 2204 primo
1667 2157 1811 2202 ‘capies
1839 2157 1877 2191 il-

381 2215 459 2251 lius
489 2215 674 2261 vestem',
703 2218 791 2251 tum
816 2216 958 2252 deinde
982 2216 1056 2251 hoc
1081 2216 1214 2259 ipsum
1239 2224 1320 2251 non
1346 2216 1591 2259 aspernante
1617 2213 1777 2248 domino
1794 2220 1882 2256 per-

383 2270 440 2313 git
469 2279 611 2306 servus
640 2271 688 2306 ad
721 2272 872 2315 cetera,
903 2279 1004 2314 quae
1038 2269 1250 2305 audaciora
1278 2270 1387 2304 sunt.

122 2343 194 2380 371
306 2323 343 2379 Ι2
385 2345 547 2383 (AUDIO)
590 2343 671 2381 hoc
713 2344 803 2381 est:
848 2342 1035 2380 admitto
1079 2343 1122 2379 et
1166 2340 1408 2388 consentio,
1453 2341 1501 2377 ut
1536 2340 1579 2377 in
1613 2337 1878 2376 Phormione

266 2415 407 2456 ‘audio
439 2420 483 2456 et
515 2417 668 2456 fateor’
701 2420 746 2456 et
778 2420 930 2456 contra
962 2417 1060 2456 ‘non
1095 2416 1235 2455 audio’
1270 2416 1324 2455 (v.
1360 2416 1459 2464 236,
1495 2416 1610 2455 485).

441 2492 457 2526 1
485 2501 610 2527 Aumo
639 2492 676 2526 id
706 2493 768 2528 est
799 2492 984 2529 libenter.

124 2559 197 2594 372
436 2570 655 2597 INTELLEGO
686 2561 829 2597 ‘audio'
859 2563 898 2597 et
930 2559 1144 2604 ‘intellego’
1171 2560 1252 2595 vim
1282 2560 1399 2595 modo
1428 2568 1507 2594 non
1540 2557 1733 2593 usitatam
1751 2555 1878 2600 expri-

385 2618 520 2660 munt,
551 2616 699 2651 scilicet
728 2615 1018 2652 consentientis
1045 2615 1305 2650 immodicum
1335 2613 1534 2649 affectum.

126 2687 200 2723 373
321 2686 345 2723 2
380 2696 513 2724 OIBUM
544 2697 638 2725 UNA
666 2697 822 2726 CAPIAS
851 2697 976 2725 Ansrs
1003 2696 1178 2724 TANGAs
1204 2696 1346 2723 LUDAs
1363 2693 1554 2722 PROPTER
1580 2691 1771 2720 DoRmAs
1798 2679 1881 2718 etsi

270 2763 338 2799 sat
379 2764 472 2800 erat
513 2763 708 2811 superior
751 2773 907 2802 versus
949 2765 1097 2801 tamen
1139 2761 1363 2800 incentiva
1395 2760 1497 2798 sunt
1527 2758 1713 2797 amatori
1745 2757 1879 2794 etiam

270 2837 526 2885 singillatim
558 2839 665 2877 haec
696 2840 969 2886 enumerata,
1005 2847 1115 2885 quae
1146 2847 1234 2875 una
1259 2836 1480 2875 sententia
1506 2833 1700 2882 superior
1728 2841 1882 2869 versus

274 2913 535 2952 ostenderat.

446 2987 463 3021 1
505 2996 627 3023 omma
664 2998 704 3024 U.
743 2998 774 3023 c.
804 2989 905 3023 bene
934 2996 1079 3022 servus
1107 2985 1393 3022 interturbavit
1421 2993 1543 3028 supra
1571 2982 1694 3017 dictas
1723 2979 1881 3015 amandi

387 3038 512 3076 lineas
541 3042 581 3077 et
610 3042 789 3077 ordinem
818 3042 1093 3085 voluptatum,
1123 3041 1269 3084 quippe
1295 3039 1361 3082 qui
1404 3046 1539 3073 amare
1563 3045 1641 3071 non
1671 3033 1839 3069 noverit.
