2242 3443
283 196 357 223 vm

304 433 354 469 48

305 497 351 532 9?

278 989 351 1025 136

277 1235 347 1270 181

276 1296 351 1332 193

278 1358 351 1395 283

274 1606 346 1642 251

271 1729 345 1766 26?

270 1976 348 2013 310

267 2039 344 2073 35⁴3

265 2223 342 2260 354

263 2346 338 2384 357

262 2469 336 2506 431

262 2779 337 2815 438

260 2840 334 2878 44?

260 2901 337 2939 448

259 3023 337 3061 463

1038 197 1122 227 PRA
1129 197 1294 225 EFATJO.

616 343 845 382 Scholia
887 343 1005 382 fere
1051 344 1272 384 similia
1315 345 1376 383 ad
1417 344 1706 390 Hecyram.

411 434 431 468 3
462 445 485 467 (ι
517 434 659 478 repetit
693 434 838 478 partim
869 434 1066 470 scholium
1097 434 1257 478 longius
1287 434 1386 470 Don.
1417 434 1452 471 3.

410 497 433 531 2
474 496 574 531 bene
611 496 759 530 addidit
795 496 972 539 ‘negoti',
1003 498 1047 531 ut
1078 499 1246 540 augeret
1277 497 1467 532 invidiam
1497 496 1601 540 sacti,
1632 505 1725 530 nam
1757 495 1888 540 potuit
1917 495 2045 531 dicere

411 557 515 601 ‘quid
546 557 619 592 hoc
647 558 739 592 est'.
769 557 831 593 Sic
860 558 980 601 Don.;
1013 558 1113 594 mire
1142 558 1300 594 additur
1330 559 1414 594 Za:
1445 559 1512 594 sed
1545 559 1589 593 ut
1618 558 1795 593 diximus
1822 557 1920 599 (scil.
1943 557 1982 592 in
2007 556 2045 599 2)

410 620 456 654 ad
486 619 678 654 invidiam
709 622 747 654 et
779 620 1101 663 magnitudinem
1133 622 1187 656 rei
1216 621 1324 667 (quid
1355 620 1472 661 hocPJ
1503 619 1666 664 ‘negoti’
1697 619 1809 655 dixit.
1887 619 1942 655 De
1970 619 2044 656 for-

409 680 518 716 mula
548 680 605 715 ‘ut
635 680 825 725 diximus,
855 691 933 725 qua
961 681 1228 725 interpolator
1257 684 1440 726 repetere
1470 682 1573 718 solet
1604 682 1641 717 id
1670 682 1774 726 quod
1801 681 1899 719 Don.
1926 681 2044 726 paulo

410 744 504 778 ante
547 742 781 785 declaravit,
815 743 904 779 vide
945 744 991 778 ad
1032 744 1153 778 Andr.
1194 743 1243 779 29
1283 744 1318 777 4.
1349 743 1513 787 Legitur
1541 744 1662 779 etiam
1693 744 1739 779 ad
1768 743 1864 781 Hec.
1893 743 1970 780 242
1997 742 2044 779 cl.

411 805 507 840 Don.
540 804 627 846 201,
659 806 705 839 ad
737 804 812 841 297
843 804 887 840 cl.
921 805 1017 840 Don.
1050 803 1137 850 288,
1168 805 1216 839 ad
1244 804 1319 841 634
1350 805 1395 840 01.
1426 804 1524 840 Don.
1555 805 1647 840 ibid.

407 866 429 902 3
460 866 589 910 ‘quae'
619 866 752 910 qualia
781 866 931 902 scilicet
962 868 1001 902 et
1031 868 1196 910 quanta.
1226 868 1249 902 4
1280 866 1406 910 ‘quae’
1437 866 1652 910 legendum
1677 873 1742 903 est
1766 869 1811 902 ut
1836 866 1889 902 sit
1913 865 2044 910 qualia

408 930 448 963 et
476 929 641 972 quanta.
725 928 912 963 Alterum
943 937 993 962 ex
1024 927 1160 963 altero.

410 991 424 1025 1
473 989 691 1034 pronuntia
734 989 824 1025 ‘illa’
863 990 978 1033 quasi
1016 990 1139 1025 dicat:
1180 989 1297 1034 plena
1335 989 1533 1034 desiderii,
1573 990 1690 1035 plena
1726 989 1971 1035 cupiditatis,
2001 990 2045 1025 ut

408 1052 554 1087 mirum
593 1052 645 1087 sit
684 1053 788 1096 quod
828 1052 1022 1087 inferetur
1051 1062 1129 1088 non
1161 1053 1388 1088 contactam
1420 1052 1619 1096 virginem
1638 1082 1646 1090 .
1666 1080 1673 1088 .
1692 1080 1700 1088 .
1731 1051 1755 1088 2
1785 1051 2046 1097 pronuntian-

409 1114 502 1149 dum
546 1113 624 1148 ‘illa
668 1113 808 1158 prima'
853 1113 889 1148 id
934 1115 996 1149 est
1034 1113 1152 1158 plena
1189 1114 1385 1159 desiderii,
1427 1114 1545 1158 plena
1583 1114 1821 1159 dulcedinis;
1861 1113 2046 1150 similiter

405 1176 553 1211 addidit
582 1174 821 1219 ‘virginem'‚
851 1178 891 1210 et
921 1185 1114 1220 expresse
1144 1177 1237 1211 ‘non
1267 1176 1429 1220 attigit‘.
1462 1176 1561 1212 Vide
1591 1177 1681 1212 adn.

412 1237 429 1272 1
461 1237 502 1271 et
531 1237 553 1272 2
585 1237 736 1272 scholia
765 1247 931 1282 prorsus
960 1237 1126 1282 similia;
1158 1238 1246 1274 vide
1276 1247 1400 1283 supra
1429 1239 1476 1274 ad
1506 1239 1578 1274 Ad.
1609 1238 1697 1275 328.

411 1297 429 1333 1
461 1299 501 1334 et
530 1298 554 1334 2
584 1302 716 1335 denuo
745 1309 913 1344 prorsus
943 1300 1102 1344 similia,
1134 1301 1179 1336 ut
1207 1302 1351 1345 postea
1376 1300 1455 1338 310
1484 1300 1507 1337 3
1537 1302 1578 1337 et
1605 1300 1640 1337 5.

407 1359 430 1395 3
459 1360 495 1395 id
525 1363 606 1397 est:
640 1361 739 1397 nihil
769 1362 1003 1397 detrimenti
1032 1362 1090 1407 fit,
1119 1362 1152 1398 si
1182 1364 1226 1398 tu
1258 1373 1410 1407 pecces.
1438 1364 1461 1399 4
1486 1363 1522 1398 id
1548 1366 1632 1399 est:
1651 1371 1886 1407 numquam,
1903 1361 2045 1406 inquit,

406 1424 606 1466 peccando
636 1424 746 1468 peior
774 1424 859 1460 fieri
888 1425 1017 1468 potes,
1049 1425 1115 1460 sed
1148 1435 1192 1461 es
1222 1426 1363 1461 eadem
1394 1435 1496 1470 quae
1525 1435 1699 1470 semper.
1730 1425 1753 1462 5
1781 1433 1930 1461 sensus
1960 1425 2044 1459 est:

406 1483 486 1519 iam
523 1485 615 1521 talis
652 1496 708 1529 es,
747 1488 791 1522 ut
828 1487 937 1530 peior
968 1486 1050 1522 fieri
1079 1497 1159 1523 non
1191 1488 1338 1532 possis,
1370 1488 1427 1524 sic
1456 1488 1602 1527 Cicero,
1631 1489 1701 1523 ctt.
1732 1487 1830 1523 Tres
1860 1485 2044 1529 magistri

406 1546 672 1591 compilarunt
703 1548 869 1593 longum
901 1548 1101 1584 scholium
1131 1549 1276 1585 Donati
1305 1551 1353 1585 ad
1384 1549 1459 1586 234
1491 1550 1525 1586 2.
1556 1550 1655 1586 Vide
1683 1551 1774 1585 adn.

405 1607 429 1642 4
467 1619 589 1644 ...an
628 1609 766 1645 itidem
805 1609 1004 1645 incertum
1043 1620 1107 1646 1110
1136 1610 1322 1655 amisisti,
1354 1614 1398 1646 ut
1425 1612 1473 1647 ad
1503 1614 1543 1647 te
1571 1611 1751 1647 incertus
1781 1610 1902 1646 veni?
1931 1608 1955 1646 5
1983 1609 2041 1644 in-

405 1671 553 1713 certus,
583 1671 724 1715 inquit,
756 1671 859 1715 veni,
889 1671 1066 1707 incertus
1097 1682 1120 1707 a
1150 1674 1188 1708 te
1217 1674 1377 1709 recessi.
1407 1673 1506 1709 Vide
1534 1674 1623 1709 adn.

407 1732 425 1768 1
458 1742 660 1777 ...saepe
688 1734 794 1769 enim
827 1735 874 1769 de
905 1734 1062 1770 maritis
1093 1735 1248 1779 puellae
1279 1736 1516 1780 parentibus
1543 1735 1656 1780 queri
1686 1735 1817 1772 solent
1843 1732 2041 1770 eiusmodi

401 1792 562 1838 aliquid,
588 1795 692 1838 quod
719 1795 816 1831 solis
841 1795 940 1840 ipsis
964 1797 1301 1833 committendum
1327 1800 1403 1834 est.
1461 1798 1519 1833 Ex
1543 1798 1673 1843 lepido
1699 1797 1850 1833 scholio
1865 1797 2040 1832 tractum

401 1856 464 1890 est
507 1855 531 1891 2
571 1866 744 1892 ...nam
783 1857 849 1893 illa
887 1858 1057 1901 quaerit,
1099 1868 1202 1902 quae
1232 1859 1364 1895 solent
1393 1860 1439 1895 de
1469 1860 1626 1896 maritis
1657 1859 1812 1904 puellae
1842 1857 2039 1894 matribus

402 1916 525 1960 queri.
557 1917 657 1953 Vide
685 1919 775 1954 adn.
1830 1928 1838 1934 ‘

404 1977 546 2024 2=4,
577 1978 722 2024 3=5,
756 1980 842 2015 vide
870 1989 996 2025 supra
1024 1982 1071 2016 ad
1105 1982 1176 2018 181
1209 1984 1249 2018 et
1281 1982 1366 2019 193.

403 2039 422 2075 1
465 2049 514 2076 en
558 2040 582 2077 2
623 2041 752 2077 forma
795 2042 967 2088 diversa,
1007 2053 1049 2079 re
1087 2043 1302 2088 simillima,
1332 2045 1411 2080 nisi
1441 2046 1546 2090 quod
1574 2045 1613 2081 in
1644 2045 1668 2082 2
1697 2045 1902 2081 omittitur
1928 2044 2040 2080 iusta

401 2101 660 2138 salutationis
705 2104 858 2140 mentio
903 2106 943 2140 et
985 2106 1227 2149 praesertim
1271 2107 1422 2143 amoris
1460 2108 1499 2143 in
1538 2116 1710 2152 nurum;
1749 2116 1845 2143 nam
1871 2106 1948 2142 hoc
1974 2108 2038 2142 est

397 2165 501 2207 quod
532 2165 679 2211 agitur,
698 2164 801 2201 ‘cum
832 2167 998 2202 morbus
1022 2167 1192 2203 alicuius
1219 2178 1338 2205 curae
1363 2179 1454 2205 esse
1478 2169 1611 2214 possit
1636 2168 1757 2205 etiam
1774 2178 1854 2204 non
1870 2168 2037 2205 amanti.

400 2225 419 2260 1
459 2235 599 2261 verum
631 2228 707 2273 est,
739 2230 937 2271 quantum
966 2229 1014 2265 ad
1046 2230 1232 2265 morbum
1265 2231 1453 2275 pertinet.
1481 2231 1505 2268 2
1535 2231 1610 2267 hoc
1638 2232 1678 2267 et
1707 2231 1754 2266 ad
1784 2229 1969 2266 morbum
1997 2234 2039 2264 et

400 2287 448 2321 ad
478 2289 671 2324 eventum
703 2289 966 2333 partitudinis
997 2301 1135 2327 verum
1167 2295 1307 2328 est...
1339 2293 1438 2330 Vide
1467 2295 1558 2330 adn.

397 2348 420 2385 2
449 2349 549 2385 bene
579 2349 667 2386 aliis
699 2351 927 2396 adscripsit,
957 2353 991 2388 si
1021 2352 1167 2389 falsum
1197 2355 1263 2399 sit,
1292 2357 1337 2391 ut
1365 2356 1465 2400 ipsis
1494 2356 1744 2392 adscribatur
1769 2355 2038 2393 mendacium.

394 2411 417 2446 4
448 2411 639 2455 religiose
669 2413 924 2449 mendacium
957 2415 1004 2450 ad
1034 2424 1237 2452 rumorem
1270 2417 1452 2462 rettulit;
1482 2420 1575 2454 cett.
1604 2408 1704 2454 Vide
1731 2418 1822 2454 adn.

396 2472 413 2507 1
460 2473 640 2508 ostendit
682 2483 803 2518 quam
846 2474 966 2519 longe
1010 2476 1077 2521 sit,
1115 2487 1206 2513 cum
1247 2479 1298 2513 ‘in
1338 2481 1484 2515 arcem·
1523 2480 1637 2516 dicat.
1676 2479 1700 2516 6
1728 2479 1961 2524 pronuntia,
1991 2480 2035 2515 ut

399 2535 589 2570 ostendat
620 2544 741 2579 quam
772 2536 892 2580 longe
923 2537 977 2572 sit
1003 2538 1042 2573 in
1075 2548 1207 2575 arcem
1237 2542 1528 2578 transcurrere.

397 2595 421 2631 4
465 2595 561 2632 haec
603 2597 728 2632 verba
767 2607 859 2633 cum
900 2608 976 2634 sua
1015 2601 1349 2644 pronuntiatione
1385 2603 1466 2638 vim
1504 2603 1774 2640 recusationis
1807 2604 1847 2638 in
1877 2613 1921 2639 se
1949 2612 2035 2639 con-

395 2657 538 2693 tinent.
579 2658 602 2694 5
640 2668 731 2695 cum
771 2660 1029 2697 recusatione
1057 2664 1487 2707 pronuntiandum
1515 2665 1584 2701 Bis
1613 2666 1787 2702 alterum
1816 2675 1866 2702 ex
1894 2665 2034 2702 altero.

395 2718 493 2755 Vide
522 2720 613 2755 adn.

395 2780 414 2816 1
446 2782 486 2817 et
515 2781 538 2818 2
566 2781 749 2818 eiusdem
779 2784 913 2819 notae.
944 2784 1157 2829 Pei-peram
1190 2789 1410 2832 utrumque
1438 2789 1596 2825 Donato
1626 2789 1789 2835 reliqui;
1821 2789 1911 2825 vide
1939 2789 2032 2825 adn.

392 2851 580 2887 compara
610 2843 795 2880 Donatea
823 2845 846 2882 3
881 2846 922 2881 et
954 2846 976 2882 6
1007 2856 1098 2882 cum
1129 2847 1152 2883 9
1182 2859 1219 2894 α,
1249 2851 1289 2885 et
1319 2851 1341 2887 8
1373 2860 1464 2886 cum
1498 2851 1557 2888 10.
1588 2851 1684 2887 Vide
1713 2852 1805 2887 adn.

395 2903 414 2939 1
552 2905 646 2949 quia
685 2906 843 2942 dixerat
882 2906 1000 2950 ‘quod
1039 2911 1207 2953 potero'.
1249 2911 1272 2947 2
1311 2915 1350 2948 et
1388 2913 1461 2948 hoc
1499 2915 1563 2948 est
1591 2914 1695 2957 quod
1726 2913 1883 2949 dixerat
1912 2913 2029 2957 ‘quod

391 2967 532 3009 potero
562 2966 732 3002 faciam’.
765 2967 968 3012 Repetitio
998 2970 1099 3005 satis
1129 2971 1241 3007 mira.

392 3026 416 3062 2
453 3027 610 3063 nullum
645 3028 684 3063 in
725 3028 799 3064 hoc
836 3038 934 3066 sene
972 3030 1048 3067 fuit
1074 3032 1224 3069 doloris
1254 3034 1439 3080 officium,
1469 3037 1689 3080 antequam
1719 3036 1854 3082 sciret,
1882 3035 2031 3079 aliquid

393 3088 588 3127 relictum.
618 3090 828 3127 Immerito
857 3091 933 3128 hoc
959 3093 1161 3130 scholium
1190 3095 1313 3132 etiam
1344 3097 1502 3134 Donato
1531 3098 1678 3143 addixi,
1703 3098 1771 3142 qui
1793 3098 1933 3134 eadem
1946 3096 2030 3134 fere
