2242 3443
9 519 13 521 ,
0 426 13 430 ί
9 130 12 133 .

108 601 185 637 660

108 1028 180 1064 661

107 1303 182 1339 663

108 1450 183 1485 666

958 199 1037 236 189

256 324 352 360 rata
391 323 538 361 esset?
566 319 590 368 ¹)
624 333 710 362 non
742 322 925 371 puderet
957 323 1101 370 queri:
1131 323 1237 361 haec
1270 325 1418 362 autem
1454 324 1613 362 iniuria
1646 325 1757 372 apud
1793 327 1868 364 vir·

256 398 402 446 ginem
437 408 523 438 non
556 398 686 437 habet
720 408 893 436 nomen.

432 473 448 506 1
489 482 607 507 vineo
646 482 735 508 1PsA
772 482 975 507 LACRIMAT
1000 481 1109 508 nunc
1138 472 1314 508 ostendit
1343 473 1435 516 quid
1466 472 1601 508 fecerit
1631 476 1671 509 et
1696 475 1871 510 ostendit

373 526 642 569 argumentis.

312 598 331 635 1
366 607 505 635 BONUS
540 608 613 635 vm
645 597 871 647 εἰρωνικῶς.
905 599 957 642 (α)
993 599 1016 636 2
1050 607 1259 642 NUSQUAM
1294 608 1490 636 APPARET
1524 599 1693 637 nescias
1725 601 1870 638 utrum

253 672 404 721 fugam
446 674 540 712 eius
582 675 789 721 queratur
831 683 884 712 an
927 673 1123 722 culpam;
1160 673 1235 711 sed
1269 676 1442 712 constat
1475 675 1581 712 haec
1614 678 1873 722 argumenta

252 758 347 787 esse
377 749 489 796 quod
518 750 735 797 virginem
765 749 1006 789 vitiaverit.
1035 750 1060 787 4
1091 760 1228 787 ETrAM
1254 760 1417 787 MISERA
1445 760 1527 788 Hoc
1546 761 1748 788 SUSPICOR
1765 751 1872 789 bene

256 823 432 873 ‘etiam’,
466 825 566 872 quia
598 827 643 864 et
674 825 753 864 hoc
786 825 1054 874 suspicatur,
1089 826 1306 873 virginem
1339 823 1557 864 vitiatam.

431 899 447 933 1
481 909 504 934 α
532 909 612 934 non
643 900 750 934 enim
777 899 859 934 iam
889 900 1112 935 eunuchus.
1142 900 1164 934 3
1194 909 1325 935 BONUS
1354 909 1421 934 vm
1450 901 1550 935 bene
1580 900 1678 945 ‘vir⁷‚
1708 900 1773 944 qui
1797 901 1871 937 hoc

370 952 482 988 illum
513 962 602 989 esse
632 953 854 989 contendit.

311 1026 331 1062 1
371 1034 540 1069 NEQUEO
573 1035 731 1063 MIRARI
765 1035 888 1063 suis
922 1024 1029 1063 bene
1062 1025 1130 1064 hic
1162 1035 1318 1063 omnes
1351 1025 1623 1073 suspiciones
1654 1026 1705 1064 ad
1740 1037 1870 1065 eunu-

255 1100 385 1138 chum
418 1110 547 1148 quem
581 1101 704 1139 novit
737 1103 935 1150 revocat,
970 1101 1112 1139 nescit
1145 1099 1399 1140 Chaeream.

426 1174 446 1208 2
491 1174 538 1210 Et
586 1175 688 1210 mira
724 1175 872 1211 locutio
911 1184 983 1219 pro
1021 1184 1068 1210 eo
1106 1175 1211 1218 quod
1250 1177 1312 1210 est
1348 1175 1507 1211 ‘nescio’
1541 1177 1706 1219 ‘nequeo
1738 1177 1870 1211 mirari

370 1228 471 1263 satis
502 1238 537 1272 q.
568 1228 592 1263 i.
623 1238 657 1264 a.
688 1228 711 1264 i.
743 1239 779 1273 p.
809 1229 848 1264 l.’

311 1301 330 1337 1
367 1310 460 1338 vrsr:
493 1310 645 1339 AMABO
677 1311 772 1338 NUM
805 1311 870 1338 srr
904 1300 1049 1339 ‘domi'
1082 1299 1429 1339 subaudiendum
1464 1303 1545 1339 est.

427 1374 448 1408 2
479 1375 582 1410 Aut:
614 1384 712 1410 num
743 1375 796 1409 sit
825 1375 929 1418 quod
961 1374 1069 1410 dicis.

308 1446 332 1483 2
376 1456 523 1484 VERUM
567 1457 756 1484 MISERAE
794 1457 882 1484 NON
919 1456 964 1484 1N
997 1457 1177 1484 MENTEM
1214 1456 1411 1484 VENERAT
1440 1457 1524 1485 non
1560 1446 1683 1485 ‘nihil
1714 1448 1870 1495 posse‘‚

254 1521 330 1559 sed
374 1520 608 1561 ‘amatores
646 1532 742 1561 esse
776 1523 1035 1570 maximos’;
1071 1522 1123 1560 ad
1152 1526 1322 1570 partem
1357 1523 1472 1561 enim
1507 1523 1750 1561 sententiae
1783 1534 1872 1571 per-

253 1597 364 1636 tinet
399 1598 512 1645 quod
545 1598 663 1636 dicit'
699 1597 798 1636 ‘non
831 1598 875 1636 in
909 1600 1102 1637 mentem
1137 1599 1344 1647 venerat',
1378 1609 1463 1637 non
1497 1599 1550 1637 ad
1583 1600 1725 1637 totum
1761 1599 1870 1647 quod

252 1673 472 1712 audivisse
516 1684 563 1713 se
606 1674 724 1712 dicit.
765 1675 789 1712 3
824 1673 875 1711 Et
909 1674 997 1712 iam
1031 1674 1069 1712 si
1101 1674 1275 1722 penitus
1308 1674 1671 1723 consideraveris,
1708 1677 1872 1713 contro-

256 1750 402 1787 versia
438 1749 591 1788 inerit:
627 1750 664 1788 si
697 1750 813 1788 enim
848 1749 990 1787 nihil
1020 1759 1186 1797 posse
1213 1750 1435 1798 audieraS,
1466 1750 1565 1798 quid
1595 1752 1661 1788 est
1687 1750 1799 1797 quod
1828 1750 1870 1788 in

252 1827 448 1863 mentem
481 1835 567 1864 non
601 1826 769 1864 venerit
801 1828 849 1863 ut
878 1826 1072 1864 vitares?
1102 1827 1249 1864 utrum
1282 1826 1416 1873 igitur
1448 1827 1736 1864 amatores
1769 1835 1872 1864 mu-

254 1901 454 1958 lierum
498 1911 624 1940 esse
667 1901 946 1940 maximos
980 1901 1287 1940 audieras?
1320 1901 1432 1949 quod
1464 1902 1608 1950 ipsum
1645 1902 1871 1939 vitandum

252 1976 355 2025 fuit;
386 1987 525 2025 neque
553 1977 669 2016 enim
690 1977 771 2016 hoc
788 1978 899 2016 satis
918 1979 985 2016 est
1003 1977 1055 2016 ad
1073 1977 1328 2026 pudicitiam
1349 1979 1549 2025 stuprum
1572 1978 1753 2025 vitasse,
1775 1987 1872 2015 eum

252 2054 475 2103 impudica
516 2053 609 2093 fieri
647 2054 716 2093 vel
759 2054 854 2093 solo
897 2054 1046 2093 osculo
1090 2054 1250 2103 possit,
1287 2063 1419 2101 quam
1453 2053 1574 2091 omni
1608 2053 1734 2091 modo
1768 2053 1874 2090 inte-

255 2140 379 2178 gram
422 2132 466 2170 et
506 2130 737 2169 inlibatam
780 2130 906 2169 velis.
951 2131 1016 2168 An
1064 2129 1248 2168 ‘verum’
1284 2139 1370 2168 non
1404 2131 1486 2168 erit
1519 2128 1766 2167 coniunctio
1799 2128 1872 2166 sed

254 2216 437 2255 nomen,
465 2207 514 2245 ut
540 2205 647 2244 illud
675 2206 799 2253 quasi
826 2206 989 2244 falsum
1018 2206 1227 2253 audierit,
1253 2206 1333 2244 hoc
1361 2206 1507 2244 autem
1537 2204 1649 2252 quod
1683 2213 1870 2242 verum

255 2278 487 2321 inventum
532 2284 615 2332 est,
660 2291 746 2321 non
789 2281 1014 2330 suspicata
1056 2282 1147 2319 sit?
1178 2291 1280 2320 nam
1315 2281 1368 2319 in
1400 2282 1645 2319 mentem
1678 2280 1872 2317 venire

251 2368 336 2396 non
381 2358 679 2397 reminisci
717 2359 911 2405 tantum,
955 2357 1031 2395 sed
1070 2357 1202 2396 etiam
1243 2357 1501 2404 cogitare
1534 2354 1774 2403 significat;
1810 2353 1872 2391 sic

257 2432 404 2473 Cicero
447 2433 507 2472 ‘in
548 2436 744 2473 mentem
785 2433 865 2472 tibi
906 2443 992 2472 non
1031 2433 1154 2471 venit
1181 2442 1361 2471 causam
1388 2431 1606 2480 publicam
1640 2429 1869 2468 sustinere'

257 2509 357 2550 (div.
386 2511 429 2549 in
463 2510 585 2550 Caec.
620 2511 694 2563 27)
728 2510 769 2548 id
803 2511 892 2549 est:
928 2519 1015 2548 non
1048 2509 1283 2556 recogitas,
1320 2518 1405 2547 non
1438 2506 1691 2555 suspicaris,

433 2586 449 2619 1
491 2595 564 2620 san
601 2594 715 2620 NIHIL
752 2593 923 2620 rorasse
962 2584 1008 2618 ut
1042 2581 1263 2618 voluntatis
1303 2583 1358 2617 rei
1396 2582 1495 2624 sint,
1535 2590 1613 2615 non
1646 2580 1683 2614 et
1713 2577 1816 2613 facti.
1846 2579 1867 2611 4

374 2648 511 2674 vERUM
548 2648 723 2674 MisERAE
760 2639 794 2673 si
834 2637 999 2673 ‘verum'
1038 2646 1108 2681 pro
1137 2636 1418 2672 coniunctione
1461 2634 1691 2677 accipimus,
1726 2632 1869 2667 subau-

376 2692 564 2728 diendum
603 2693 678 2729 erit
716 2692 779 2728 hic
813 2692 1028 2728 ‘amatores
1059 2690 1272 2726 mulierum
1301 2698 1393 2726 esse
1423 2698 1491 2723 eos
1521 2686 1747 2722 maximos’.
1778 2686 1798 2719 ὃ
1828 2693 1869 2718 1N

375 2756 416 2781 M.
456 2756 494 2782 N.
534 2757 570 2791 v,
609 2756 690 2783 non
730 2747 859 2791 quod
897 2745 1179 2790 audieram,
1210 2745 1280 2779 sed
1310 2743 1438 2788 quod
1477 2740 1557 2777 hic
1585 2740 1722 2775 iecit.
1752 2739 1774 2772 6
1806 2739 1867 2772 An

376 2799 511 2835 aliud
555 2810 635 2837 non
674 2800 714 2835 in
758 2801 937 2835 mentem
980 2800 1162 2843 venerat,
1201 2807 1281 2833 non
1323 2796 1472 2832 scilicet
1509 2795 1707 2829 facturum
1745 2791 1868 2825 fuisse

378 2854 482 2897 quod
506 2854 627 2890 fecit?
654 2855 673 2888 7
699 2863 779 2889 NON
805 2864 830 2890 1.
857 2863 898 2889 M.
925 2863 961 2887 v.
987 2854 1057 2888 aut
1082 2862 1178 2887 non
1205 2851 1492 2895 cogitaram
1516 2849 1706 2883 autnon
1733 2854 1866 2880 eram

378 2909 660 2944 recordata.

162 3069 186 3110 ¹)
220 3069 399 3105 Wessner
421 3084 613 3116 perperam
642 3072 799 3106 correxit
828 3071 926 3105 ‘esti’
953 3069 1043 3104 sed!
