2242 3443
336 233 534 263 Pfloiffllo

331 356 404 392 357

1184 225 1268 264 270

543 352 558 387 1
605 360 710 396 Qum
754 361 891 390 manns
923 362 1107 390 ammom
1140 363 1214 390 Es'r
1249 362 1414 391 misem
1449 352 1701 391 communis
1733 351 1858 391 locus
1891 351 1935 391 in
1967 351 2103 391 avari-

479 427 589 466 tiam
631 427 921 476 generalitate
963 428 1262 477 approbatior:
1307 428 1481 468 facilius
1525 429 1641 467 enim
1684 428 1737 467 de
1777 428 1983 467 omnibus
2025 428 2106 468 hoc

479 513 612 550 quam
646 504 696 542 de
730 503 1003 552 Demiphone
1039 505 1242 552 creditur,
1279 507 1320 543 et
1347 504 1443 543 ideo
1472 504 1726 552 ‘ignoratur’
1757 505 1870 543 dixit
1887 503 2104 552 et‘negle-

480 580 628 628 gitur’,
678 590 763 619 non
814 581 1015 628 ‘ignorat’
1059 583 1102 619 et
1145 580 1353 628 ‘neglegit
1393 580 1634 629 Demipho’.
1675 582 1698 619 2
1733 590 1988 620 IGNORATUR
2020 590 2105 619 non

480 657 750 704 agnoscitur.
785 658 809 694 4
844 656 897 694 Et
929 667 1098 695 PARENS
1132 659 1271 705 pater.
1307 660 1360 701 (a)

330 998 406 1033 358

656 730 678 766 3
718 731 1031 774 ‘ignoratur'
1079 732 1183 775 quod
1232 731 1413 776 fingitur,
1463 731 1539 767 hoc
1579 732 1686 767 enim
1731 731 1931 776 significat
1974 731 2104 766 modo.

602 787 625 820 4
654 796 678 820 α
707 795 802 820 nam
833 788 878 821 ut
907 787 1094 830 variaret,
1126 788 1394 830 parentem
1426 786 1539 830 dixit,
1569 796 1688 831 quem
1719 795 1844 831 supra
1868 786 1974 828 (354)
1999 785 2104 821 dixe-

600 843 662 875 rat
692 842 901 884 patrem.
934 840 956 876 5
987 840 1147 875 Patrem
1178 850 1273 883 ergo
1299 841 1390 875 dicit
1414 840 1570 884 puellae
1595 851 1618 876 a
1643 841 1892 885 Demiphone
1916 839 2105 884 ignorari.

1207 924 1241 962 A

651 1007 744 1033 vmn
774 1007 970 1032 AVAR1‘r1A
1001 1008 1096 1039 Qun>
1126 1007 1240 1033 FAGIT
1271 998 1369 1034 haec
1397 1007 1622 1034 conversus
1647 999 1695 1033 ad
1721 998 1913 1033 circulum
1935 1000 1976 1033 et
1999 1006 2106 1033 coro·
2238 996 2242 1068 1

598 1061 692 1087 nam
731 1050 1088 1088 circumstantium
1117 1054 1380 1096 conqueritur
1409 1056 1448 1089 et
1478 1053 1594 1088 dicit:
1626 1051 1736 1088 nulla
1765 1053 1872 1088 enim
1902 1062 1944 1088 re
1973 1053 2105 1097 magis

600 1107 771 1152 populus
813 1107 1049 1150 concitatur,
1093 1116 1212 1150 quarn
1257 1108 1290 1142 si
1333 1106 1423 1150 quis
1462 1117 1636 1151 egenum
1667 1109 1917 1150 contemnat,
1947 1106 2037 1141 inde
2066 1109 2105 1142 et

598 1161 814 1197 Sallustius
845 1161 971 1202 (Catil.
989 1161 1051 1197 37.
1069 1161 1106 1203 3)
1136 1162 1266 1197 ‘bonis
1292 1162 1473 1197 invident
1502 1164 1542 1197 et
1567 1162 1697 1198 malos
1712 1161 1930 1205 extollunt,
1946 1159 2103 1207 <t.>

602 1218 724 1259 atque
754 1216 850 1252 sed’.
880 1218 956 1252 etc.

1205 1297 1241 1337 B

545 1377 561 1413 1
600 1384 878 1413 NEGLEGITUR
910 1384 1008 1412 IPSA
1036 1375 1139 1422 quia
1166 1376 1247 1422 est,
1273 1375 1344 1422 qui
1364 1375 1538 1423 ignoret
1556 1377 1760 1423 parentes
1777 1374 1961 1424 puellae,
1982 1374 2023 1412 id
2040 1376 2108 1413 est

484 1453 685 1501 ignorare
725 1461 773 1490 se
815 1451 931 1489 dicat
971 1453 1013 1489 et
1052 1453 1203 1489 tamen
1235 1461 1320 1489 non
1355 1451 1498 1500 ipsam
1533 1451 1738 1499 neglegat
1770 1451 1978 1500 puellam,
2011 1450 2106 1488 ideo

481 1531 720 1576 utrumque
754 1529 1025 1575 conquestus
1057 1529 1138 1565 est.

541 1607 564 1643 2
613 1615 715 1643 vmn
759 1614 976 1643 AVARITIA
1017 1614 1120 1649 Qum
1162 1615 1288 1643 FAcrr
1332 1605 1504 1653 proprie
1548 1603 1675 1643 ‘vide’
1719 1603 2106 1643 stomachantibus

484 1683 557 1730 qui
599 1681 901 1730 indignatione
943 1683 1157 1729 coguntur
1198 1682 1322 1729 quasi
1361 1692 1461 1720 cum
1494 1681 1639 1730 aliquo
1673 1681 1884 1729 colloqui;
1918 1681 1982 1719 sic
2012 1681 2106 1729 ipse

484 1760 526 1797 in
576 1758 787 1806 Adelphis
830 1757 948 1796 ‘illud
991 1758 1052 1796 sis
1096 1758 1215 1796 vide:
1262 1757 1514 1806 exemplum
1559 1757 1855 1807 disciplinae!’
1898 1760 2002 1796 sunt
2033 1757 2106 1806 qui

483 1837 642 1885 putent
687 1834 811 1872 illum
862 1834 992 1872 alicui
1039 1834 1091 1872 de
1139 1844 1298 1873 corona
1347 1834 1731 1873 circumstantium
1779 1834 1923 1873 dicere
1969 1843 2106 1872 mora-

485 1911 585 1950 liter
618 1910 761 1949 ‘vide’.
1260 1896 1262 1899 ’

335 2081 413 2116 359

1204 1997 1243 2037 A

543 2075 567 2113 2
602 2073 883 2113 Insimulo
917 2073 1125 2121 genetivo
1157 2074 1367 2122 iungitur.

659 2150 678 2185 1
710 2144 732 2167 ²*
760 2158 797 2184 ει
839 2157 951 2184 natm
987 2157 1249 2184 msmumms
1291 2159 1515 2185 AVARITIAE
1556 2160 1664 2186 MALE
1705 2158 1855 2185 Aomns
1893 2147 2102 2184 insimu-

603 2202 709 2238 lare
750 2206 813 2238 est
851 2203 1001 2238 crimen
1040 2203 1237 2247 ingerere,
1268 2203 1325 2239 sio
1353 2204 1487 2240 Cicero
1515 2200 1646 2253 (Catil.
1662 2203 1698 2240 3.
1718 2204 1780 2245 12)
1810 2202 1920 2239 ‘nihil
1949 2212 2104 2247 eorum,

602 2266 704 2300 quae
733 2256 835 2293 Galli
861 2256 1169 2302 insimulabant,
1200 2258 1391 2302 negavit’.

1203 2340 1238 2380 B

548 2417 567 2453 l
617 2425 656 2453 s1
704 2425 823 2453 ERUM
871 2425 1157 2454 INSIMULARIS
1200 2417 1570 2455 insimulatio
1615 2418 1684 2455 est
1725 2418 1768 2455 et
1800 2415 1901 2455 falsi
1935 2417 1979 2454 et
2014 2415 2105 2454 veri

485 2492 684 2531 criminis
726 2491 959 2540 incusatio,
1001 2492 1065 2530 sic
1108 2492 1256 2531 Cicero
1298 2492 1440 2532 (Catil.
1459 2495 1496 2532 3.
1521 2493 1603 2533 12.)
1648 2492 1769 2531 ‘nihil
1812 2501 1964 2531 eorum
1994 2500 2106 2539 quae

488 2567 598 2606 Galli
626 2566 971 2608 insimulabant’.
992 2569 1016 2606 2
1034 2578 1154 2607 MALE
1170 2579 1331 2608 Aomns
1351 2570 1390 2608 ‘a
1407 2566 1492 2608 me'
1511 2569 1703 2608 scilicet:
1723 2568 1832 2608 Geta
1850 2568 1967 2607 enim
1986 2567 2103 2606 dicit.

340 2736 418 2772 360

1208 2657 1245 2695 A

546 2741 569 2768 o
602 2740 832 2769 AUDAcmM
866 2740 1002 2768 ΕΤΙΑΜ
1034 2741 1093 2768 ΜΕ
1124 2731 1290 2779 <ν.>
1321 2742 1584 2771 AccUSATUM
1619 2742 1690 2770 AD.
1725 2724 1990 2770 exclamatio
2021 2730 2102 2778 est,

487 2808 531 2845 et
563 2806 767 2853 ostendit,
803 2805 903 2853 quid
938 2805 1121 2844 absente
1155 2811 1279 2856 patre
1312 2808 1557 2847 defenderit
1588 2806 1719 2847 filius.

1209 2894 1244 2933 B

661 2975 684 3001 o
726 2976 940 3002 AUDAcmM
981 2966 1044 3001 hic
1079 2967 1158 3002 iam
1201 2969 1432 3005 ostenditur
1468 2978 1710 3013 persuasum
1746 2968 1984 3014 Demiphoni
2011 2976 2101 3004 esse

607 3019 690 3054 vim
729 3020 951 3056 adhibitam
991 3019 1071 3055 filio
1101 3030 1176 3057 suo
1206 3033 1376 3060 uxorem
1406 3023 1561 3069 ducere,
1591 3032 1673 3059 uno
1701 3032 1793 3058 cum
1820 3023 1928 3059 hunc
1954 3022 2101 3058 auda—

607 3083 710 3109 cem
742 3073 930 3118 appellat,
958 3074 1085 3110 altero
1112 3077 1216 3118 quod
1245 3077 1338 3113 dicit
1368 3075 1532 3119 ‘etiam',
1560 3087 1662 3121 quae
1685 3077 1912 3113 coniunctio
1927 3077 1975 3112 ad
1992 3075 2101 3112 Anti-

607 3127 782 3172 phonem
811 3129 1076 3174 convertitur,
1106 3132 1147 3165 et
1179 3130 1237 3166 sic
1265 3132 1541 3168 ‘accusatum’.
