2242 3443
155 350 231 387 275

156 641 232 677 276

155 808 229 846 277

154 1458 230 1495 278

150 1986 227 2023 279

150 2514 227 2550 280

151 2607 227 2644 279

149 2691 225 2728 280

149 2783 224 2821 281

1013 224 1067 261 39

362 350 380 384 1
418 357 616 386 COAGTUM
648 358 866 386 EGESTATE
899 350 1127 396 propterea
1160 350 1272 396 quod
1302 349 1481 398 Chrysis
1511 350 1669 399 ‘inopia
1697 353 1738 390 et
1757 363 1906 399 cogna-

305 423 450 461 torum
482 433 524 461 n.
558 425 610 462 c.’
643 424 699 463 (v,
737 424 819 463 71).

476 496 497 530 2
526 496 547 517 ³*
589 507 773 533 OOACTUM
815 506 1017 534 EGESTATE
1059 507 1140 533 non
1181 499 1444 544 ‘paupertate'
1485 502 1553 536 sed
1593 501 1815 546 ‘egestate',
1845 501 1907 537 cui

419 551 666 586 contrarium
696 550 843 595 ‘inopia
872 552 911 587 et
940 552 1207 595 cognatorum
1236 553 1289 588 n.'

359 647 484 676 HAUD
512 648 685 677 VEREAR
711 649 749 677 sr
779 649 823 677 1N
852 650 903 677 TE
931 650 965 678 ε.
995 650 1026 677 ε.
1055 650 1089 678 ε.
1118 640 1235 678 acuit
1262 640 1460 679 animum
1490 641 1782 680 adulescentis
1810 652 1905 681 con-

302 714 370 751 tra
400 715 590 763 patrem,
626 715 749 753 cuius
782 715 916 754 etiam
950 725 1111 754 nomen
1144 725 1276 763 grave
1309 717 1390 755 est.

359 807 384 844 3
418 805 468 844 Et
500 817 556 844 UT
589 816 728 852 QUEAs
760 817 813 845 ne
844 817 931 846 non
963 807 1128 855 possis:
1166 817 1252 846 non
1284 808 1508 846 damnatio
1536 809 1600 847 est
1629 809 1786 847 virium
1805 809 1899 847 adu·

301 881 523 931 lescentis,
557 883 632 921 sed
664 883 916 931 provocatio
945 883 988 921 in
1015 884 1318 932 contemptum
1346 884 1494 932 patris.
1525 886 1548 923 5
1573 894 1774 923 IGNAVUM
1791 885 1903 932 quod

301 957 535 997 adversum
582 959 896 997 necessitatem
943 958 1252 1007 proferendum
1300 959 1399 1008 fuit,
1447 960 1489 998 id
1535 961 1725 1008 primum
1769 960 1900 999 dixit:

302 1033 453 1072 adesse
495 1033 577 1072 sibi
619 1033 852 1082 virtutem;
895 1044 1004 1082 quae
1044 1035 1286 1081 sequuntur
1318 1035 1371 1073 ad
1403 1033 1533 1074 fidem
1565 1036 1804 1083 pertinent:
1840 1036 1903 1073 ita

298 1118 374 1157 pro
400 1110 596 1157 tempore
623 1111 923 1158 contemptum
951 1110 1089 1158 patris
1117 1120 1191 1158 pro
1218 1110 1476 1150 fortitudine
1494 1110 1637 1150 habet.
1658 1113 1682 1149 6
1701 1121 1902 1149 IGNAVUM

297 1184 482 1233 ignavus
514 1186 599 1234 est,
631 1186 702 1233 qui
735 1185 826 1224 vim
859 1195 945 1224 non
978 1186 1122 1234 potest
1148 1185 1271 1235 ferre,
1301 1186 1373 1234 qui
1400 1196 1485 1225 non
1512 1188 1579 1224 est
1605 1196 1902 1234 perseverane.

475 1260 493 1295 1
527 1269 598 1294 SED
637 1269 709 1295 viM
748 1269 799 1295 UT
829 1269 863 1301 Q.
894 1270 928 1295 E.
952 1260 992 1295 et
1020 1259 1083 1294 hic
1113 1260 1278 1296 ‘vereor'
1308 1260 1558 1296 subauditur.
1591 1263 1610 1294 2
1642 1260 1718 1297 ‘Ut’
1748 1270 1817 1305 pro
1847 1270 1903 1296 ne

419 1322 516 1349 non
545 1313 699 1359 posuit,
728 1314 774 1349 ut
803 1313 875 1358 sit,
907 1314 976 1349 sed
1006 1323 1163 1358 vereor,
1192 1323 1243 1350 ne
1272 1324 1351 1350 non
1383 1324 1503 1358 queas
1533 1314 1612 1350 vim
1645 1314 1768 1359 patris
1792 1314 1903 1350 ferre.

421 1368 443 1402 4
472 1377 607 1403 ADEON
636 1377 690 1402 ME
718 1377 906 1403 IGNAVUM
934 1377 984 1403 an
1014 1368 1242 1404 verisimile.

362 1455 382 1493 1
411 1465 556 1493 ADEON
584 1465 721 1494 PORRo
749 1465 979 1494 INGRATUM
1008 1455 1159 1504 ‘porro’
1189 1456 1434 1495 coniunctio
1452 1457 1519 1495 est
1537 1456 1776 1505 expletiva,
1797 1456 1905 1494 alias

301 1530 555 1570 adverbium
587 1531 808 1580 temporis.
843 1532 867 1569 2
900 1541 1104 1570 IGNAVUM
1136 1543 1187 1570 ET
1220 1542 1448 1571 INGRATUM
1480 1529 1643 1581 αὔξησις
1674 1533 1753 1570 θεῖ.

475 1622 496 1657 3
527 1633 781 1659 1NHUMANUM
809 1633 891 1659 AUT
922 1634 956 1658 F.
987 1625 1080 1668 post
1116 1623 1297 1659 subiecta
1326 1623 1424 1658 dixit
1440 1621 1480 1664 1).
1512 1624 1534 1657 4
1563 1620 1584 1641 Ψ
1614 1631 1748 1658 ADEON
1775 1631 1902 1657 PoRRo

417 1685 628 1712 INGRATUM
668 1687 749 1712 AUT
791 1686 1043 1713 INHUMANUM
1084 1677 1186 1713 mira
1229 1677 1359 1712 omnis
1402 1676 1630 1712 conversio:
1673 1686 1752 1712 non
1796 1675 1899 1711 enini

418 1730 538 1766 dixit:
579 1731 718 1768 ‘adeon
757 1740 822 1767 me
860 1732 1150 1775 obsequentem
1187 1731 1291 1775 patri
1328 1730 1556 1775 existimas,
1594 1731 1692 1766 adeo
1722 1731 1900 1774 gratum,

417 1784 515 1820 adeo
555 1785 685 1830 pium,
726 1786 823 1822 adeo
862 1786 1149 1822 mansuetum'.
1187 1785 1249 1820 Ita
1285 1786 1479 1821 amatoris
1508 1793 1577 1829 per
1606 1783 1738 1820 omnia
1767 1785 1902 1819 servat

416 1838 689 1885 condiciones,
731 1841 778 1876 ut
820 1840 991 1875 oratorie
1034 1839 1109 1875 hoc
1150 1840 1317 1883 cogatur
1358 1839 1489 1875 scelus
1527 1847 1636 1884 esse,
1674 1838 1707 1873 si
1745 1839 1902 1881 pareret

416 1902 523 1928 nunc
553 1893 670 1938 patri.
692 1937 696 1939 ,

355 1982 379 2020 2
411 1992 468 2020 UT
510 1991 651 2026 NEQUE
694 1992 753 2020 ME
787 1992 1067 2020 coNSUETUno
1101 1991 1241 2026 NEQUE
1274 1991 1395 2019 AMOR
1428 1979 1723 2019 ‘consuetudo’
1756 1977 1900 2016 adver-

295 2067 371 2096 sus
406 2057 628 2096 feritatem
661 2053 811 2097 ‘amor’
844 2058 1055 2096 adversus
1088 2056 1460 2095 inhumanitatem
1494 2055 1657 2105 ‘pudor'
1692 2055 1904 2093 adversus

296 2133 516 2181 ingratum
550 2133 764 2172 animum.

470 2208 487 2242 1
519 2206 541 2228 *
578 2217 631 2242 UT
670 2217 801 2249 NEQUE
828 2218 883 2243 ME
911 2217 1171 2243 CONSUETUDO
1200 2217 1331 2249 NEQUE
1360 2215 1472 2241 AMOR
1500 2214 1579 2240 non
1609 2205 1786 2240 ordinem
1816 2204 1899 2238 red-

415 2260 532 2296 didit:
562 2260 715 2297 ‘ferum’
744 2261 851 2298 enim
879 2262 1046 2297 reddidit
1068 2262 1115 2297 ad
1132 2260 1487 2296 mansuetudinem
1504 2257 1550 2304 2),
1568 2268 1644 2302 qua
1659 2259 1778 2294 etiam
1794 2256 1901 2293 ferae

412 2316 726 2359 mansuescunt;
765 2315 909 2358 ‘neque
945 2315 1067 2351 amor’
1106 2316 1154 2351 ad
1182 2316 1276 2351 illud
1307 2312 1621 2349 ‘inhumanum’z
1653 2321 1763 2348 amor
1792 2321 1899 2346 nam-

411 2378 488 2412 que
525 2369 801 2405 vehementior
829 2370 895 2404 θεῖ
922 2370 961 2404 in
989 2369 1186 2404 homines,
1217 2368 1417 2412 Vergilius
1449 2366 1552 2410 ‘quid
1582 2366 1756 2410 iuvenis,
1786 2374 1838 2400 m.
1869 2374 1899 2399 c.

412 2431 449 2458 u.
489 2422 512 2458 i.
546 2432 581 2458 0.
612 2423 635 2458 i.
667 2423 702 2459 d.
719 2423 750 2458 ‘?’
780 2422 864 2465 (Ge.
895 2423 932 2458 3.
964 2423 1074 2467 258),
1106 2422 1324 2468 ‘pudorem’
1354 2422 1401 2457 ad
1431 2420 1662 2464 ‘ingratum’
1691 2418 1858 2455 rettulit.

358 2511 377 2548 1
413 2520 673 2550 COMMOVEAT
704 2520 845 2555 NEQUE
877 2521 1139 2549 COMMONEAT
1171 2507 1336 2559 αὔξησις
1371 2509 1423 2548 ad
1456 2504 1635 2547 maiora.

355 2603 379 2641 3
411 2614 467 2642 UT
499 2614 641 2648 NEQUE
677 2614 954 2642 ooNSUETUDo
988 2612 1128 2648 NEQUE
1161 2613 1281 2641 AMOR
1312 2599 1506 2645 ἀπόδοσις
1540 2599 1592 2638 ad
1625 2597 1858 2646 superiora.

467 2694 488 2728 2
518 2703 569 2729 UT
599 2704 755 2729 SERVEM
780 2703 903 2729 EIDEM
929 2693 1150 2736 exquisite:
1176 2702 1257 2728 non
1285 2692 1384 2727 dixit
1400 2692 1445 2726 ut
1461 2691 1713 2725 contemnam
1729 2688 1903 2732 patrem,

356 2783 376 2819 1
410 2791 537 2819 UNUM
578 2791 662 2820 Hoc
696 2792 787 2820 soro
821 2791 941 2819 HANG
967 2791 1167 2819 MERITAM
1199 2781 1241 2818 in
1275 2779 1426 2818 eodem
1460 2777 1627 2823 haeret,
1662 2776 1709 2812 ut
1740 2774 1899 2812 excitet

293 2855 518 2906 iuvenem,
563 2867 703 2904 neque
746 2856 896 2895 audire
939 2866 986 2895 se
1030 2853 1157 2904 fingit
1189 2865 1300 2903 quae
1333 2853 1448 2892 dicit.
1482 2853 1507 2890 4
1540 2860 1664 2889 UNUM
1696 2859 1778 2886 Hoc
1810 2858 1899 2886 scm

155 3010 159 3013 Δ
194 3022 216 3066 ¹)
243 3022 424 3058 Wessner
446 3035 513 3068 pro
538 3024 648 3068 ‘post'
674 3026 872 3069 propter
899 3023 1014 3064 dedit,
1039 3022 1107 3059 sed
1135 3021 1192 3057 vel
1218 3021 1272 3056 sic
1297 3020 1387 3055 haec
1412 3029 1486 3052 non
1514 3015 1701 3058 intellego.

194 3075 220 3119 ²)
245 3075 396 3110 Wessn.
419 3078 517 3111 recte
545 3076 952 3112 consuetudinem.
