2242 3443
18 612 19 620 l

16 663 18 673 l

14 684 17 693 l

14 749 17 757 ι

0 783 17 806 ’,ι

0 811 15 863 ἱ,

0 957 4 967 ι

0 998 4 1007 ι

179 505 256 542 492

180 568 256 605 503

179 692 253 727 517

150 788 153 791 ,
179 753 255 789 528

177 814 253 850 ῡ86

176 998 250 1034 647

176 1061 254 1096 666

177 1369 250 1405 717

176 1552 251 1589 728

176 1799 251 1835 766

173 1861 250 1897 878

173 2135 249 2171 123

173 2258 248 2294 126

197 2586 246 2623 23

194 2769 245 2807 46

195 3015 246 3052 49

136 3069 243 3113 '63

948 210 1192 238 PRAEFATIO
1900 216 1945 242 IX

316 322 449 357 verius
493 324 534 357 et
576 322 805 367 elegantius
850 323 950 359 dixit
993 324 1032 359 in
1073 324 1223 360 scholio
1261 324 1308 359 4:
1350 334 1503 360 morem
1548 335 1686 361 eorum
1730 328 1946 371 expressit,

313 383 458 427 quibus
511 384 770 428 relinquitur:
821 385 888 429 qui
931 395 1022 421 cum
1065 386 1265 421 audierint
1307 386 1381 421 sibi
1425 395 1517 422 esse
1561 388 1706 431 aliquid
1749 388 1946 433 relictum,

312 447 410 480 tunc
438 446 580 481 tristes
609 455 652 481 se
680 446 841 490 fingunt
869 447 982 482 adeo.

312 507 358 542 de
388 506 550 542 scholiis
581 508 600 542 1
633 508 674 542 et
705 507 728 543 2
758 507 846 543 vide
876 509 967 543 adn.

311 568 334 604 2
361 578 384 602 α
421 568 572 603 dictum
609 570 672 604 est
710 570 848 604 autem
887 569 988 614 ideo,
1019 570 1124 612 quod
1154 571 1335 613 proterat
1363 570 1500 614 alium,
1530 571 1595 614 qui
1624 573 1839 615 protervus
1869 576 1944 608 est.

419 629 613 673 Compara
641 630 664 666 3
696 631 800 665 unde
827 630 922 665 illud
951 630 1171 666 conflatum
1201 632 1278 666 est.

312 691 359 726 de
387 691 551 727 scholiis
584 692 602 727 1
635 692 676 727 et
705 691 728 727 2
758 701 850 727 cum
880 691 1066 736 exemplo
1097 691 1329 735 Vergiliano
1361 692 1448 727 vide
1480 693 1570 728 adn.

310 752 332 789 3
364 752 596 796 exemplum
625 752 805 788 Sallustii
834 754 1009 797 petitum
1039 762 1060 788 e
1088 752 1190 788 Don.
1221 753 1309 789 429.
1339 752 1376 789 3.
1407 753 1506 788 Vide
1535 755 1624 789 adn.

309 815 328 850 1
360 814 493 850 ‘certo'
522 814 636 858 dixit,
666 823 716 849 ne
746 814 798 849 sit
825 813 1084 849 dissuadendi
1109 814 1234 850 locuS.
1259 815 1283 851 2
1308 816 1355 850 ad
1382 814 1455 850 hoc
1481 815 1590 850 addit
1617 816 1737 852 ‘certo
1763 816 1942 861 decrevi',

310 877 354 910 ut
392 885 471 911 non
510 876 655 911 audeat
694 875 928 911 dissuadere
966 875 1084 911 filius.
1165 876 1321 912 Donato
1363 877 1449 912 dedi
1479 877 1676 912 scholium
1709 878 1726 913 1
1757 879 1875 914 breve
1905 882 1945 915 et

309 937 532 973 concisum.

307 1008 398 1034 cum
436 998 564 1034 altera
592 1001 706 1043 parte
735 999 875 1035 scholii
903 999 1099 1043 longioris
1128 999 1299 1034 Donatei
1331 1000 1350 1035 1
1383 1009 1571 1044 compara
1602 1001 1637 1044 2,
1667 1003 1706 1036 et
1736 1001 1822 1037 vide
1852 1003 1941 1037 adn.

312 1061 330 1096 1
373 1061 487 1096 ordo:
530 1070 632 1096 uxor
672 1070 762 1096 mea
801 1061 893 1104 quid
931 1060 1065 1106 faciat,
1093 1060 1134 1095 in
1165 1070 1287 1096 manu
1318 1070 1399 1096 non
1428 1062 1515 1105 est;
1545 1061 1568 1097 2
1597 1063 1710 1098 deest
1740 1062 1867 1108 ‘eius’,
1896 1065 1941 1098 ut

311 1122 383 1157 sit:
422 1122 463 1157 in
501 1132 626 1157 manu
665 1123 751 1158 eius
786 1132 866 1158 non
896 1124 972 1168 est,
1003 1123 1071 1158 sed
1101 1122 1140 1157 in
1170 1132 1261 1158 mea
1290 1123 1494 1166 potestate
1523 1125 1587 1158 est
1616 1124 1806 1167 positum.
1837 1124 1859 1161 3
1890 1125 1941 1159 ‘in

309 1193 432 1219 manu
474 1194 554 1220 non
598 1184 674 1220 est'
718 1184 859 1220 uxoris
899 1184 1063 1229 scilicet,
1101 1185 1141 1219 et
1180 1174 1244 1219 est
1284 1185 1401 1219 ordo:
1434 1194 1537 1220 uxor
1566 1195 1656 1221 mea
1685 1196 1721 1229 q.
1751 1186 1790 1231 f.‚
1819 1187 1859 1221 in
1889 1196 1941 1221 m.

310 1245 397 1281 eius
428 1255 508 1282 non
538 1247 613 1281 est.

415 1308 462 1342 In
491 1308 514 1345 3
545 1307 691 1351 partim
722 1307 810 1343 aliis
842 1307 976 1343 verbis
1007 1309 1250 1352 repetuntur
1279 1317 1381 1351 quae
1409 1309 1507 1343 sunt
1535 1308 1575 1343 in
1604 1308 1702 1343 Don.
1734 1309 1752 1344 1
1771 1306 1872 1356 -1—2.

309 1370 328 1405 1
360 1370 501 1405 utrum
530 1378 723 1413 rogemus
749 1379 799 1405 an
825 1370 888 1404 etc
907 1397 913 1404 .
932 1397 965 1404 ..
993 1370 1039 1405 ut
1063 1368 1266 1413 Vergilius
1293 1369 1455 1405 ‘talibus
1481 1370 1619 1406 orabat
1633 1370 1761 1406 Iuno'.
1779 1370 1826 1407 2.
1844 1398 1852 1406 .
1872 1398 1878 1406 .
1897 1372 1942 1406 ut

308 1430 511 1475 Vergilius
556 1431 597 1466 ‘t.
638 1440 673 1467 0.
711 1431 771 1475 Iz',
808 1432 947 1475 potest
984 1430 1161 1474 intellegi
1200 1432 1239 1466 et
1268 1440 1539 1475 rogemus...
1570 1431 1712 1467 Cetera
1739 1432 1940 1468 differunt.

309 1491 409 1527 Vide
437 1493 528 1528 adn.

309 1553 328 1588 1
360 1554 455 1589 ordo
484 1555 524 1589 et
554 1563 700 1589 sensus
730 1554 792 1589 hic
821 1556 905 1589 est:
937 1563 1010 1589 nec
1039 1553 1104 1598 pol
1131 1563 1195 1589 me
1224 1554 1400 1589 multum
1429 1554 1540 1598 fallit,
1570 1554 1665 1598 quin
1695 1556 1799 1598 quod
1828 1555 1937 1606 velit,

306 1614 380 1650 hoc
408 1615 461 1651 sit
491 1617 595 1659 quod
626 1616 823 1660 suspicor.
855 1615 879 1651 2
907 1616 989 1651 vel:
1019 1625 1098 1651 non
1130 1625 1194 1651 me
1224 1616 1399 1651 multum
1428 1616 1542 1660 fallit,
1570 1617 1674 1660 quod
1704 1617 1811 1662 velit,
1842 1617 1935 1660 quin

306 1676 380 1712 hoc
410 1677 463 1713 sit
492 1678 598 1721 quod
627 1678 824 1721 suspicor.
852 1678 875 1714 3
908 1678 1025 1713 ordo:
1055 1677 1164 1722 quin,
1193 1678 1298 1721 quod
1326 1677 1435 1722 velit,
1466 1679 1518 1713 sit
1546 1679 1649 1721 quod
1678 1678 1872 1723 suspicor.

412 1738 572 1774 Scholia
596 1739 619 1775 2
644 1740 684 1774 et
709 1738 732 1774 3
759 1740 951 1783 repetunt
968 1738 1114 1774 Donati
1131 1738 1326 1784 ordinem,
1342 1739 1382 1774 in
1398 1749 1477 1783 quo
1493 1739 1640 1776 mirum
1658 1742 1720 1776 est
1738 1740 1826 1775 ‘vel’
1842 1739 1882 1774 in
1898 1740 1934 1777 2.

307 1809 328 1835 e
356 1800 503 1836 Donati
533 1800 683 1836 scholio
713 1801 737 1836 2
765 1800 964 1844 repetitur
994 1800 1227 1844 exemplum
1257 1801 1297 1836 in
1327 1800 1363 1836 4.

304 1862 344 1896 in
384 1860 407 1898 3
446 1872 469 1897 a
508 1862 677 1897 obscure
716 1862 801 1897 aliis
842 1861 973 1897 verbis
1003 1862 1202 1906 dicuntur,
1231 1871 1333 1905 quae
1362 1862 1461 1898 Don.
1491 1864 1630 1907 aperte
1659 1862 1759 1899 dixit
1787 1863 1826 1898 in
1858 1863 1934 1898 fine

308 1923 446 1959 scholii
475 1923 512 1960 3.

411 2042 478 2076 Ad
508 2051 698 2078 versus
727 2041 865 2077 inter
895 2051 947 2077 se
977 2045 1231 2078 remotos:

306 2134 328 2171 6
370 2136 484 2172 ‘odio'
529 2136 604 2172 hoc
644 2138 708 2172 est
744 2136 960 2180 instantia;
1001 2137 1106 2172 unde
1144 2137 1340 2181 magister
1381 2137 1467 2174 134.
1507 2138 1530 2173 2
1568 2139 1671 2174 ‘cum
1710 2138 1811 2173 odio'
1841 2147 1931 2173 cum

303 2198 499 2234 instantia
526 2202 565 2234 et
595 2198 792 2234 molestia.

303 2258 327 2295 3
356 2261 426 2295 aut
453 2261 634 2304 repetere
663 2260 855 2296 debemus
886 2259 962 2295 sic:
993 2259 1032 2295 in
1064 2259 1179 2305 ipsis,
1207 2260 1384 2304 inquam,
1415 2261 1580 2305 nuptiis.
1662 2261 1734 2297 128
1765 2262 1787 2297 2
1813 2289 1847 2297 ..
1866 2289 1873 2297 .
1891 2264 1931 2298 et

277 2320 360 2375 ¹sic
387 2322 462 2367 est,
493 2321 606 2365 quasi
636 2321 821 2366 dixisset,
849 2321 889 2356 in
919 2320 1019 2365 ipsis
1049 2321 1228 2367 inquam,
1261 2322 1428 2367 nuptiis.

443 2474 673 2513 Scholia
716 2475 837 2514 fere
881 2476 1101 2514 similia
1145 2476 1207 2514 ad
1250 2476 1660 2515 Phormionem.

303 2587 326 2623 2
354 2588 464 2632 prius
493 2598 580 2635 ego,
610 2590 754 2636 inquit,
783 2591 831 2626 de
858 2590 924 2626 illo
954 2591 1074 2627 finem
1103 2591 1244 2627 faciam
1274 2601 1394 2635 quam
1421 2592 1509 2636 ipse
1537 2592 1584 2627 de
1613 2601 1688 2627 me.
1714 2590 1738 2626 3
1761 2592 1801 2626 et
1816 2590 1926 2634 prius

300 2658 374 2693 ego
399 2650 551 2686 dicendi
573 2650 716 2687 faciam
741 2661 862 2695 quam
886 2652 950 2688 ille
974 2652 1174 2696 peccandi.
1258 2653 1356 2689 Ecce
1372 2653 1524 2688 scholia
1538 2653 1618 2688 iere
1634 2652 1793 2696 similia,
1810 2653 1927 2687 ambo

301 2720 324 2746 a
351 2712 508 2747 Donato
537 2711 810 2749 abiudicanda.
842 2712 941 2749 Vide
970 2714 1061 2749 adn.

299 2772 323 2806 4
364 2774 412 2808 ad
454 2775 737 2817 paupertatem
779 2774 937 2810 rettulit
977 2774 1166 2811 ‘ferietur'
1207 2784 1301 2810 nam
1339 2777 1379 2810 et
1417 2775 1608 2810 damnum
1648 2774 1765 2818 plaga
1793 2774 1833 2809 et
1862 2783 1926 2809 res

301 2834 468 2877 sanguis
510 2834 664 2870 dicitur.
732 2835 781 2871 47
826 2835 850 2871 2
892 2845 944 2871 ex
987 2836 1279 2872 consuetudine
1322 2836 1525 2880 ‘ferietur’,
1564 2845 1657 2871 nam
1695 2837 1734 2872 et
1764 2835 1924 2879 plagam

302 2895 492 2931 damnum
530 2898 571 2932 et
607 2898 820 2941 sumptum
859 2898 1101 2942 sanguinem
1141 2899 1327 2933 nostrum
1366 2897 1544 2933 dicimus.
1582 2897 1761 2932 Imitatio
1789 2896 1925 2940 inepta

299 2958 362 2991 est
388 2957 428 2991 in
456 2958 609 3002 priore3
639 2958 728 2994 vide
758 2959 847 2994 adn.
1169 2987 1174 2991 .

301 3016 324 3052 2
350 3017 430 3053 iam
459 3018 621 3054 Wessn.
650 3021 886 3063 excerptum
916 3030 1007 3056 esse
1034 3019 1133 3055 vidit
1161 3029 1182 3055 e
1211 3019 1392 3063 longiore
1421 3019 1566 3055 Donati
1593 3019 1628 3056 3.

302 3080 320 3115 1
350 3079 618 3124 interpolator
645 3081 814 3117 verbose
843 3081 958 3117 diluit
986 3082 1106 3117 breve
1136 3080 1338 3117 scholium
1367 3080 1515 3116 Donati
1544 3080 1579 3116 2.
1611 3080 1708 3115 Vide
1737 3080 1826 3115 adn.

204 3150 365 3178 ῑΑκετΕκ,
384 3144 474 3173 Com.
492 3144 576 3174 Don.
