<?xml version="1.0" encoding="UTF-8"?>
<!DOCTYPE html PUBLIC "-//W3C//DTD XHTML 1.0 Transitional//EN"
    "http://www.w3.org/TR/xhtml1/DTD/xhtml1-transitional.dtd">
<html xmlns="http://www.w3.org/1999/xhtml" xml:lang="en" lang="en">
 <head>
  <title>
</title>
<meta http-equiv="Content-Type" content="text/html;charset=utf-8" />
  <meta name='ocr-system' content='tesseract 3.04.00' />
  <meta name='ocr-capabilities' content='ocr_page ocr_carea ocr_par ocr_line ocrx_word'/>
</head>
<body>
  <div class='ocr_page' id='page_1' title='image "./commentidonatian00donauoft/commentidonatian00donauoft_0111.png"; bbox 0 0 2242 3443; ppageno 0'>
   <div class='ocr_carea' id='block_1_1' title="bbox 0 0 34 2317">
    <p class='ocr_par' dir='ltr' id='par_1_1' title="bbox 0 0 34 2317">
     <span class='ocr_line' id='line_1_1' title="bbox 0 0 34 2317; baseline 0 0"><span class='ocrx_word' id='word_1_1' title='bbox 0 0 34 2317; x_wconf 95' lang='lat' dir='ltr'> </span> 
     </span>
    </p>
   </div>
   <div class='ocr_carea' id='block_1_2' title="bbox 98 556 192 594">
    <p class='ocr_par' dir='ltr' id='par_1_2' title="bbox 98 556 192 594">
     <span class='ocr_line' id='line_1_2' title="bbox 98 556 192 594; baseline -0.011 0"><span class='ocrx_word' id='word_1_2' title='bbox 98 589 101 594; x_wconf 79' lang='grc'>,</span> <span class='ocrx_word' id='word_1_3' title='bbox 115 556 192 593; x_wconf 79' lang='grc'>604</span> 
     </span>
    </p>
   </div>
   <div class='ocr_carea' id='block_1_3' title="bbox 115 703 191 739">
    <p class='ocr_par' dir='ltr' id='par_1_3' title="bbox 115 703 191 739">
     <span class='ocr_line' id='line_1_3' title="bbox 115 703 191 739; baseline -0.013 0"><span class='ocrx_word' id='word_1_4' title='bbox 115 703 191 739; x_wconf 90' lang='grc'>606</span> 
     </span>
    </p>
   </div>
   <div class='ocr_carea' id='block_1_4' title="bbox 116 1228 188 1264">
    <p class='ocr_par' dir='ltr' id='par_1_4' title="bbox 116 1228 188 1264">
     <span class='ocr_line' id='line_1_4' title="bbox 116 1228 188 1264; baseline 0.014 -1"><span class='ocrx_word' id='word_1_5' title='bbox 116 1228 188 1264; x_wconf 85' lang='grc'>607</span> 
     </span>
    </p>
   </div>
   <div class='ocr_carea' id='block_1_5' title="bbox 118 1884 192 1919">
    <p class='ocr_par' dir='ltr' id='par_1_5' title="bbox 118 1884 192 1919">
     <span class='ocr_line' id='line_1_5' title="bbox 118 1884 192 1919; baseline 0 0"><span class='ocrx_word' id='word_1_6' title='bbox 118 1884 192 1919; x_wconf 90' lang='grc'>608</span> 
     </span>
    </p>
   </div>
   <div class='ocr_carea' id='block_1_6' title="bbox 117 2185 193 2222">
    <p class='ocr_par' dir='ltr' id='par_1_6' title="bbox 117 2185 193 2222">
     <span class='ocr_line' id='line_1_6' title="bbox 117 2185 193 2222; baseline 0.013 -1"><span class='ocrx_word' id='word_1_7' title='bbox 117 2185 193 2222; x_wconf 83' lang='grc'>609</span> 
     </span>
    </p>
   </div>
   <div class='ocr_carea' id='block_1_7' title="bbox 121 2611 196 2647">
    <p class='ocr_par' dir='ltr' id='par_1_7' title="bbox 121 2611 196 2647">
     <span class='ocr_line' id='line_1_7' title="bbox 121 2611 196 2647; baseline 0.013 -1"><span class='ocrx_word' id='word_1_8' title='bbox 121 2611 196 2647; x_wconf 88' lang='grc'>610</span> 
     </span>
    </p>
   </div>
   <div class='ocr_carea' id='block_1_8' title="bbox 970 237 1023 274">
    <p class='ocr_par' dir='ltr' id='par_1_8' title="bbox 970 237 1023 274">
     <span class='ocr_line' id='line_1_8' title="bbox 970 237 1023 274; baseline 0 0"><span class='ocrx_word' id='word_1_9' title='bbox 970 237 1023 274; x_wconf 78' lang='grc'>’75</span> 
     </span>
    </p>
   </div>
   <div class='ocr_carea' id='block_1_9' title="bbox 378 375 1867 526">
    <p class='ocr_par' dir='ltr' id='par_1_9' title="bbox 378 375 1867 526">
     <span class='ocr_line' id='line_1_9' title="bbox 378 375 1855 422; baseline 0.004 -13"><span class='ocrx_word' id='word_1_10' title='bbox 378 375 527 410; x_wconf 76' lang='lat' dir='ltr'>addidit</span> <span class='ocrx_word' id='word_1_11' title='bbox 556 377 717 419; x_wconf 85' lang='lat' dir='ltr'>tenipus</span> <span class='ocrx_word' id='word_1_12' title='bbox 747 375 904 420; x_wconf 81' lang='lat' dir='ltr'>‘hodie’,</span> <span class='ocrx_word' id='word_1_13' title='bbox 935 377 979 410; x_wconf 90' lang='lat' dir='ltr'>ut</span> <span class='ocrx_word' id='word_1_14' title='bbox 1008 386 1057 411; x_wconf 87' lang='lat' dir='ltr'>ne</span> <span class='ocrx_word' id='word_1_15' title='bbox 1087 377 1237 411; x_wconf 79' lang='lat' dir='ltr'>diecula</span> <span class='ocrx_word' id='word_1_16' title='bbox 1266 377 1422 420; x_wconf 80' lang='lat' dir='ltr'>quidem</span> <span class='ocrx_word' id='word_1_17' title='bbox 1453 378 1539 413; x_wconf 89' lang='lat' dir='ltr'>eius</span> <span class='ocrx_word' id='word_1_18' title='bbox 1569 379 1620 413; x_wconf 83' lang='lat' dir='ltr'>sit</span> <span class='ocrx_word' id='word_1_19' title='bbox 1649 380 1750 422; x_wconf 75' lang='lat' dir='ltr'>quod</span> <span class='ocrx_word' id='word_1_20' title='bbox 1776 381 1855 416; x_wconf 76' lang='lat' dir='ltr'>fece</span> 
     </span>
     <span class='ocr_line' id='line_1_10' title="bbox 380 429 1867 475; baseline 0.004 -12"><span class='ocrx_word' id='word_1_21' title='bbox 380 430 430 463; x_wconf 84' lang='lat' dir='ltr'>rit</span> <span class='ocrx_word' id='word_1_22' title='bbox 467 429 572 464; x_wconf 83' lang='lat' dir='ltr'>mali.</span> <span class='ocrx_word' id='word_1_23' title='bbox 604 430 625 463; x_wconf 87' lang='grc'>2</span> <span class='ocrx_word' id='word_1_24' title='bbox 656 439 906 464; x_wconf 79' lang='lat' dir='ltr'>INSPERANTE</span> <span class='ocrx_word' id='word_1_25' title='bbox 934 439 1012 465; x_wconf 82' lang='lat' dir='ltr'>Hoc</span> <span class='ocrx_word' id='word_1_26' title='bbox 1040 440 1172 471; x_wconf 78' lang='lat' dir='ltr'>ATQUE</span> <span class='ocrx_word' id='word_1_27' title='bbox 1200 440 1334 466; x_wconf 81' lang='lat' dir='ltr'>INVITO</span> <span class='ocrx_word' id='word_1_28' title='bbox 1365 431 1620 475; x_wconf 78' lang='lat' dir='ltr'>‘insperante’</span> <span class='ocrx_word' id='word_1_29' title='bbox 1651 434 1689 467; x_wconf 83' lang='lat' dir='ltr'>et</span> <span class='ocrx_word' id='word_1_30' title='bbox 1719 432 1867 469; x_wconf 83' lang='lat' dir='ltr'>‘invito’</span> 
     </span>
     <span class='ocr_line' id='line_1_11' title="bbox 380 481 735 526; baseline 0.003 -9"><span class='ocrx_word' id='word_1_31' title='bbox 380 482 528 526; x_wconf 80' lang='lat' dir='ltr'>duplex</span> <span class='ocrx_word' id='word_1_32' title='bbox 557 481 735 519; x_wconf 88' lang='lat' dir='ltr'>offensio.</span> 
     </span>
    </p>
   </div>
   <div class='ocr_carea' id='block_1_10' title="bbox 263 554 1871 893">
    <p class='ocr_par' dir='ltr' id='par_1_10' title="bbox 263 554 1871 893">
     <span class='ocr_line' id='line_1_12' title="bbox 322 554 1694 602; baseline 0.004 -11"><span class='ocrx_word' id='word_1_33' title='bbox 322 561 379 591; x_wconf 84' lang='lat' dir='ltr'>EM</span> <span class='ocrx_word' id='word_1_34' title='bbox 411 564 624 592; x_wconf 72' lang='lat' dir='ltr'>AsrU&#39;rrAs</span> <span class='ocrx_word' id='word_1_35' title='bbox 657 554 770 592; x_wconf 84' lang='lat' dir='ltr'>bona</span> <span class='ocrx_word' id='word_1_36' title='bbox 801 554 942 592; x_wconf 88' lang='lat' dir='ltr'>ironia</span> <span class='ocrx_word' id='word_1_37' title='bbox 974 554 1201 602; x_wconf 79' lang='lat' dir='ltr'>pluraliter</span> <span class='ocrx_word' id='word_1_38' title='bbox 1233 555 1346 592; x_wconf 81' lang='lat' dir='ltr'>dixit</span> <span class='ocrx_word' id='word_1_39' title='bbox 1378 554 1607 593; x_wconf 82' lang='lat' dir='ltr'>‘astutias&#39;.</span> <span class='ocrx_word' id='word_1_40' title='bbox 1642 558 1694 596; x_wconf 80' lang='grc' dir='ltr'>(α)</span> 
     </span>
     <span class='ocr_line' id='line_1_13' title="bbox 432 627 1772 671; baseline 0.002 -10"><span class='ocrx_word' id='word_1_41' title='bbox 432 637 456 662; x_wconf 82' lang='grc' dir='ltr'>α</span> <span class='ocrx_word' id='word_1_42' title='bbox 486 627 606 671; x_wconf 80' lang='lat' dir='ltr'>Quasi</span> <span class='ocrx_word' id='word_1_43' title='bbox 633 628 667 663; x_wconf 80' lang='lat' dir='ltr'>is</span> <span class='ocrx_word' id='word_1_44' title='bbox 697 627 764 671; x_wconf 92' lang='lat' dir='ltr'>qui</span> <span class='ocrx_word' id='word_1_45' title='bbox 793 628 966 664; x_wconf 80' lang='lat' dir='ltr'>abundet</span> <span class='ocrx_word' id='word_1_46' title='bbox 995 628 1176 670; x_wconf 86' lang='lat' dir='ltr'>astutiis,</span> <span class='ocrx_word' id='word_1_47' title='bbox 1209 630 1254 663; x_wconf 84' lang='lat' dir='ltr'>ut</span> <span class='ocrx_word' id='word_1_48' title='bbox 1283 629 1317 664; x_wconf 90' lang='lat' dir='ltr'>ei</span> <span class='ocrx_word' id='word_1_49' title='bbox 1346 638 1425 664; x_wconf 89' lang='lat' dir='ltr'>non</span> <span class='ocrx_word' id='word_1_50' title='bbox 1455 639 1536 664; x_wconf 82' lang='lat' dir='ltr'>una</span> <span class='ocrx_word' id='word_1_51' title='bbox 1565 630 1772 666; x_wconf 79' lang='lat' dir='ltr'>sufficeret.</span> 
     </span>
     <span class='ocr_line' id='line_1_14' title="bbox 324 700 1871 748; baseline 0.001 -11"><span class='ocrx_word' id='word_1_52' title='bbox 324 700 342 736; x_wconf 93' lang='lat'>1</span> <span class='ocrx_word' id='word_1_53' title='bbox 386 709 557 737; x_wconf 80' lang='lat' dir='ltr'>UTINAM</span> <span class='ocrx_word' id='word_1_54' title='bbox 598 710 699 737; x_wconf 86' lang='lat' dir='ltr'>MIHI</span> <span class='ocrx_word' id='word_1_55' title='bbox 740 708 920 744; x_wconf 79' lang='lat' dir='ltr'>ALIQUID</span> <span class='ocrx_word' id='word_1_56' title='bbox 953 709 1080 737; x_wconf 82' lang='lat' dir='ltr'>ESSET</span> <span class='ocrx_word' id='word_1_57' title='bbox 1113 710 1229 738; x_wconf 81' lang='lat' dir='ltr'>CETT.</span> <span class='ocrx_word' id='word_1_58' title='bbox 1273 709 1358 738; x_wconf 85' lang='lat' dir='ltr'>non</span> <span class='ocrx_word' id='word_1_59' title='bbox 1399 700 1508 738; x_wconf 81' lang='lat' dir='ltr'>dixit</span> <span class='ocrx_word' id='word_1_60' title='bbox 1542 700 1762 748; x_wconf 80' lang='lat' dir='ltr'>‘gladium’</span> <span class='ocrx_word' id='word_1_61' title='bbox 1795 704 1871 740; x_wconf 76' lang='lat' dir='ltr'>aut</span> 
     </span>
     <span class='ocr_line' id='line_1_15' title="bbox 263 775 1000 822; baseline 0 -10"><span class='ocrx_word' id='word_1_62' title='bbox 263 775 496 822; x_wconf 87' lang='lat' dir='ltr'>‘laqueum&#39;</span> <span class='ocrx_word' id='word_1_63' title='bbox 531 785 584 812; x_wconf 92' lang='lat' dir='ltr'>ne</span> <span class='ocrx_word' id='word_1_64' title='bbox 618 775 737 813; x_wconf 87' lang='lat' dir='ltr'>esset</span> <span class='ocrx_word' id='word_1_65' title='bbox 771 775 1000 822; x_wconf 83' lang='lat' dir='ltr'>tragicum.</span> 
     </span>
     <span class='ocr_line' id='line_1_16' title="bbox 434 848 1558 893; baseline 0 -10"><span class='ocrx_word' id='word_1_66' title='bbox 434 849 455 883; x_wconf 98' lang='grc'>2</span> <span class='ocrx_word' id='word_1_67' title='bbox 488 848 590 892; x_wconf 84' lang='lat' dir='ltr'>Ergo</span> <span class='ocrx_word' id='word_1_68' title='bbox 620 849 720 884; x_wconf 85' lang='lat' dir='ltr'>bene</span> <span class='ocrx_word' id='word_1_69' title='bbox 750 848 899 893; x_wconf 80' lang='lat' dir='ltr'>pressit</span> <span class='ocrx_word' id='word_1_70' title='bbox 928 848 1062 884; x_wconf 87' lang='lat' dir='ltr'>dicens</span> <span class='ocrx_word' id='word_1_71' title='bbox 1095 849 1366 893; x_wconf 85' lang='lat' dir='ltr'>‘praecipitem</span> <span class='ocrx_word' id='word_1_72' title='bbox 1397 850 1558 884; x_wconf 81' lang='lat' dir='ltr'>darem&#39;.</span> 
     </span>
    </p>
   </div>
   <div class='ocr_carea' id='block_1_11' title="bbox 977 1048 1016 1086">
    <p class='ocr_par' dir='ltr' id='par_1_11' title="bbox 977 1048 1016 1086">
     <span class='ocr_line' id='line_1_17' title="bbox 977 1048 1016 1086; textangle 90"><span class='ocrx_word' id='word_1_73' title='bbox 977 1048 1016 1086; x_wconf 58' lang='lat'>521</span> 
     </span>
    </p>
   </div>
   <div class='ocr_carea' id='block_1_12' title="bbox 261 1223 1875 1727">
    <p class='ocr_par' dir='ltr' id='par_1_12' title="bbox 261 1223 1875 1727">
     <span class='ocr_line' id='line_1_18' title="bbox 322 1223 1874 1270; baseline -0.001 -8"><span class='ocrx_word' id='word_1_74' title='bbox 322 1226 342 1262; x_wconf 96' lang='grc'>1</span> <span class='ocrx_word' id='word_1_75' title='bbox 376 1233 451 1262; x_wconf 83' lang='lat' dir='ltr'>UBI</span> <span class='ocrx_word' id='word_1_76' title='bbox 493 1234 606 1262; x_wconf 83' lang='lat' dir='ltr'>ILLIC</span> <span class='ocrx_word' id='word_1_77' title='bbox 647 1234 721 1261; x_wconf 63' lang='lat' dir='ltr'>Eser</span> <span class='ocrx_word' id='word_1_78' title='bbox 754 1234 787 1262; x_wconf 87' lang='lat' dir='ltr'>s.</span> <span class='ocrx_word' id='word_1_79' title='bbox 823 1234 860 1268; x_wconf 81' lang='lat' dir='ltr'>Q.</span> <span class='ocrx_word' id='word_1_80' title='bbox 893 1234 939 1262; x_wconf 89' lang='lat' dir='ltr'>M.</span> <span class='ocrx_word' id='word_1_81' title='bbox 974 1233 1012 1261; x_wconf 85' lang='lat' dir='ltr'>P.</span> <span class='ocrx_word' id='word_1_82' title='bbox 1048 1224 1153 1261; x_wconf 80' lang='lat' dir='ltr'>&#39;naec</span> <span class='ocrx_word' id='word_1_83' title='bbox 1186 1233 1345 1261; x_wconf 78' lang='lat' dir='ltr'>scaena</span> <span class='ocrx_word' id='word_1_84' title='bbox 1378 1223 1501 1261; x_wconf 88' lang='lat' dir='ltr'>cuius</span> <span class='ocrx_word' id='word_1_85' title='bbox 1534 1223 1874 1270; x_wconf 84' lang='lat' dir='ltr'>perturbationis</span> 
     </span>
     <span class='ocr_line' id='line_1_19' title="bbox 264 1297 1871 1348; baseline -0.001 -11"><span class='ocrx_word' id='word_1_86' title='bbox 264 1309 360 1337; x_wconf 85' lang='lat' dir='ltr'>esse</span> <span class='ocrx_word' id='word_1_87' title='bbox 391 1299 562 1347; x_wconf 86' lang='lat' dir='ltr'>debeat,</span> <span class='ocrx_word' id='word_1_88' title='bbox 592 1300 680 1337; x_wconf 86' lang='lat' dir='ltr'>iam</span> <span class='ocrx_word' id='word_1_89' title='bbox 706 1309 837 1348; x_wconf 87' lang='lat' dir='ltr'>supra</span> <span class='ocrx_word' id='word_1_90' title='bbox 864 1299 919 1340; x_wconf 89' lang='lat' dir='ltr'>(H</span> <span class='ocrx_word' id='word_1_91' title='bbox 946 1297 990 1344; x_wconf 85' lang='grc'>3)</span> <span class='ocrx_word' id='word_1_92' title='bbox 1019 1299 1289 1347; x_wconf 79' lang='lat' dir='ltr'>praestruxit</span> <span class='ocrx_word' id='word_1_93' title='bbox 1317 1301 1462 1347; x_wconf 82' lang='lat' dir='ltr'>poeta,</span> <span class='ocrx_word' id='word_1_94' title='bbox 1493 1309 1592 1336; x_wconf 87' lang='lat' dir='ltr'>cum</span> <span class='ocrx_word' id='word_1_95' title='bbox 1620 1300 1671 1337; x_wconf 88' lang='lat' dir='ltr'>ad</span> <span class='ocrx_word' id='word_1_96' title='bbox 1699 1308 1871 1336; x_wconf 84' lang='lat' dir='ltr'>eonsen-</span> 
     </span>
     <span class='ocr_line' id='line_1_20' title="bbox 261 1373 1871 1422; baseline -0.001 -9"><span class='ocrx_word' id='word_1_97' title='bbox 261 1374 457 1413; x_wconf 88' lang='lat' dir='ltr'>tiendum</span> <span class='ocrx_word' id='word_1_98' title='bbox 504 1374 613 1413; x_wconf 84' lang='lat' dir='ltr'>Davi</span> <span class='ocrx_word' id='word_1_99' title='bbox 651 1375 830 1413; x_wconf 89' lang='lat' dir='ltr'>consilio</span> <span class='ocrx_word' id='word_1_100' title='bbox 862 1375 1036 1413; x_wconf 87' lang='lat' dir='ltr'>tardum</span> <span class='ocrx_word' id='word_1_101' title='bbox 1070 1374 1346 1422; x_wconf 81' lang='lat' dir='ltr'>Pamphilum</span> <span class='ocrx_word' id='word_1_102' title='bbox 1380 1373 1554 1413; x_wconf 84' lang='lat' dir='ltr'>faceret.</span> <span class='ocrx_word' id='word_1_103' title='bbox 1591 1374 1615 1412; x_wconf 80' lang='lat'><strong>3</strong></span> <span class='ocrx_word' id='word_1_104' title='bbox 1647 1384 1722 1412; x_wconf 85' lang='lat' dir='ltr'>UBI</span> <span class='ocrx_word' id='word_1_105' title='bbox 1755 1384 1871 1412; x_wconf 82' lang='lat' dir='ltr'>CETT.</span> 
     </span>
     <span class='ocr_line' id='line_1_21' title="bbox 261 1449 1875 1498; baseline -0.001 -10"><span class='ocrx_word' id='word_1_106' title='bbox 261 1450 447 1488; x_wconf 87' lang='lat' dir='ltr'>nimium</span> <span class='ocrx_word' id='word_1_107' title='bbox 494 1450 688 1488; x_wconf 82' lang='lat' dir='ltr'>terribile</span> <span class='ocrx_word' id='word_1_108' title='bbox 735 1453 803 1488; x_wconf 89' lang='lat' dir='ltr'>est</span> <span class='ocrx_word' id='word_1_109' title='bbox 849 1450 1030 1498; x_wconf 81' lang='lat' dir='ltr'>saevire,</span> <span class='ocrx_word' id='word_1_110' title='bbox 1079 1451 1316 1497; x_wconf 86' lang='lat' dir='ltr'>antequam</span> <span class='ocrx_word' id='word_1_111' title='bbox 1364 1449 1515 1488; x_wconf 89' lang='lat' dir='ltr'>videas</span> <span class='ocrx_word' id='word_1_112' title='bbox 1557 1459 1674 1498; x_wconf 86' lang='lat' dir='ltr'>eum,</span> <span class='ocrx_word' id='word_1_113' title='bbox 1725 1454 1875 1487; x_wconf 83' lang='lat' dir='ltr'>contra</span> 
     </span>
     <span class='ocr_line' id='line_1_22' title="bbox 261 1525 1873 1574; baseline -0.001 -10"><span class='ocrx_word' id='word_1_114' title='bbox 261 1535 390 1574; x_wconf 91' lang='lat' dir='ltr'>quem</span> <span class='ocrx_word' id='word_1_115' title='bbox 431 1526 647 1565; x_wconf 88' lang='lat' dir='ltr'>irasceris.</span> <span class='ocrx_word' id='word_1_116' title='bbox 685 1528 710 1565; x_wconf 87' lang='lat'>4</span> <span class='ocrx_word' id='word_1_117' title='bbox 748 1536 822 1564; x_wconf 88' lang='lat' dir='ltr'>UBI</span> <span class='ocrx_word' id='word_1_118' title='bbox 855 1537 970 1565; x_wconf 81' lang='lat' dir='ltr'>CETT.</span> <span class='ocrx_word' id='word_1_119' title='bbox 1005 1526 1057 1564; x_wconf 91' lang='lat' dir='ltr'>ad</span> <span class='ocrx_word' id='word_1_120' title='bbox 1089 1526 1363 1564; x_wconf 85' lang='lat' dir='ltr'>intellectum</span> <span class='ocrx_word' id='word_1_121' title='bbox 1397 1536 1481 1564; x_wconf 86' lang='lat' dir='ltr'>non</span> <span class='ocrx_word' id='word_1_122' title='bbox 1514 1525 1566 1563; x_wconf 83' lang='lat' dir='ltr'>ad</span> <span class='ocrx_word' id='word_1_123' title='bbox 1600 1525 1729 1563; x_wconf 83' lang='lat' dir='ltr'>verba</span> <span class='ocrx_word' id='word_1_124' title='bbox 1760 1525 1873 1562; x_wconf 89' lang='lat' dir='ltr'>rede-</span> 
     </span>
     <span class='ocr_line' id='line_1_23' title="bbox 261 1596 1873 1652; baseline -0.001 -13"><span class='ocrx_word' id='word_1_125' title='bbox 261 1603 340 1651; x_wconf 76' lang='lat' dir='ltr'>git,</span> <span class='ocrx_word' id='word_1_126' title='bbox 376 1603 418 1640; x_wconf 86' lang='lat' dir='ltr'>et</span> <span class='ocrx_word' id='word_1_127' title='bbox 449 1604 516 1640; x_wconf 82' lang='lat' dir='ltr'>est</span> <span class='ocrx_word' id='word_1_128' title='bbox 546 1601 685 1650; x_wconf 85' lang='lat' dir='ltr'>figura</span> <span class='ocrx_word' id='word_1_129' title='bbox 718 1602 943 1652; x_wconf 81' lang='grc' dir='ltr'><em>σύλλημψις</em></span> <span class='ocrx_word' id='word_1_130' title='bbox 976 1612 1050 1650; x_wconf 85' lang='lat' dir='ltr'>per</span> <span class='ocrx_word' id='word_1_131' title='bbox 1083 1611 1261 1649; x_wconf 84' lang='lat' dir='ltr'>genera;</span> <span class='ocrx_word' id='word_1_132' title='bbox 1296 1603 1320 1640; x_wconf 83' lang='lat'>5</span> <span class='ocrx_word' id='word_1_133' title='bbox 1354 1604 1407 1647; x_wconf 84' lang='lat' dir='ltr'>(a)</span> <span class='ocrx_word' id='word_1_134' title='bbox 1440 1611 1542 1639; x_wconf 87' lang='lat' dir='ltr'>nam</span> <span class='ocrx_word' id='word_1_135' title='bbox 1576 1601 1676 1648; x_wconf 82' lang='lat' dir='ltr'>quia</span> <span class='ocrx_word' id='word_1_136' title='bbox 1703 1596 1873 1638; x_wconf 81' lang='lat' dir='ltr'>‘scelus&#39;</span> 
     </span>
     <span class='ocr_line' id='line_1_24' title="bbox 261 1672 1670 1727; baseline -0.001 -11"><span class='ocrx_word' id='word_1_137' title='bbox 261 1678 477 1716; x_wconf 84' lang='lat' dir='ltr'>scelestus</span> <span class='ocrx_word' id='word_1_138' title='bbox 510 1678 804 1727; x_wconf 83' lang='lat' dir='ltr'>intellegitur,</span> <span class='ocrx_word' id='word_1_139' title='bbox 838 1677 967 1716; x_wconf 89' lang='lat' dir='ltr'>modo</span> <span class='ocrx_word' id='word_1_140' title='bbox 1001 1676 1103 1725; x_wconf 85' lang='lat' dir='ltr'>‘qui’</span> <span class='ocrx_word' id='word_1_141' title='bbox 1136 1677 1366 1716; x_wconf 79' lang='lat' dir='ltr'>subiunxit</span> <span class='ocrx_word' id='word_1_142' title='bbox 1397 1687 1482 1715; x_wconf 88' lang='lat' dir='ltr'>non</span> <span class='ocrx_word' id='word_1_143' title='bbox 1516 1672 1670 1723; x_wconf 82' lang='lat' dir='ltr'>‘quod’.</span> 
     </span>
    </p>
   </div>
   <div class='ocr_carea' id='block_1_13' title="bbox 377 1749 1875 1850">
    <p class='ocr_par' dir='ltr' id='par_1_13' title="bbox 377 1749 1875 1850">
     <span class='ocr_line' id='line_1_25' title="bbox 434 1749 1875 1795; baseline -0.003 -8"><span class='ocrx_word' id='word_1_144' title='bbox 434 1754 456 1787; x_wconf 77' lang='lat'>5</span> <span class='ocrx_word' id='word_1_145' title='bbox 498 1763 522 1787; x_wconf 80' lang='grc' dir='ltr'>α</span> <span class='ocrx_word' id='word_1_146' title='bbox 562 1751 762 1795; x_wconf 85' lang='lat' dir='ltr'>Vergilius</span> <span class='ocrx_word' id='word_1_147' title='bbox 802 1753 910 1795; x_wconf 69' lang='lat' dir='ltr'>‘pars</span> <span class='ocrx_word' id='word_1_148' title='bbox 946 1751 986 1786; x_wconf 88' lang='lat' dir='ltr'>in</span> <span class='ocrx_word' id='word_1_149' title='bbox 1024 1751 1155 1786; x_wconf 74' lang='lat' dir='ltr'>frusta</span> <span class='ocrx_word' id='word_1_150' title='bbox 1185 1751 1336 1786; x_wconf 82' lang='lat' dir='ltr'>secant&#39;</span> <span class='ocrx_word' id='word_1_151' title='bbox 1369 1751 1482 1787; x_wconf 78' lang='lat' dir='ltr'>(Aen.</span> <span class='ocrx_word' id='word_1_152' title='bbox 1515 1752 1548 1784; x_wconf 87' lang='grc'>1.</span> <span class='ocrx_word' id='word_1_153' title='bbox 1579 1750 1686 1793; x_wconf 86' lang='grc'>212),</span> <span class='ocrx_word' id='word_1_154' title='bbox 1718 1750 1784 1784; x_wconf 84' lang='lat' dir='ltr'>sed</span> <span class='ocrx_word' id='word_1_155' title='bbox 1814 1749 1875 1783; x_wconf 74' lang='lat' dir='ltr'>hIc</span> 
     </span>
     <span class='ocr_line' id='line_1_26' title="bbox 377 1805 931 1850; baseline 0 -9"><span class='ocrx_word' id='word_1_156' title='bbox 377 1805 507 1850; x_wconf 83' lang='lat' dir='ltr'>figura</span> <span class='ocrx_word' id='word_1_157' title='bbox 536 1807 600 1841; x_wconf 86' lang='lat' dir='ltr'>est</span> <span class='ocrx_word' id='word_1_158' title='bbox 627 1815 695 1850; x_wconf 87' lang='lat' dir='ltr'>per</span> <span class='ocrx_word' id='word_1_159' title='bbox 724 1815 931 1842; x_wconf 74' lang='lat' dir='ltr'>numer-05.</span> 
     </span>
    </p>
   </div>
   <div class='ocr_carea' id='block_1_14' title="bbox 259 1873 1876 2381">
    <p class='ocr_par' dir='ltr' id='par_1_14' title="bbox 259 1873 1876 2144">
     <span class='ocr_line' id='line_1_27' title="bbox 325 1873 1874 1928; baseline -0.002 -13"><span class='ocrx_word' id='word_1_160' title='bbox 325 1879 344 1915; x_wconf 91' lang='grc'>1</span> <span class='ocrx_word' id='word_1_161' title='bbox 388 1888 479 1916; x_wconf 81' lang='lat' dir='ltr'>TAM</span> <span class='ocrx_word' id='word_1_162' title='bbox 522 1887 647 1915; x_wconf 85' lang='lat' dir='ltr'>INERS</span> <span class='ocrx_word' id='word_1_163' title='bbox 685 1877 779 1915; x_wconf 88' lang='lat' dir='ltr'>sine</span> <span class='ocrx_word' id='word_1_164' title='bbox 817 1879 925 1926; x_wconf 86' lang='lat' dir='ltr'>arte,</span> <span class='ocrx_word' id='word_1_165' title='bbox 968 1876 1010 1914; x_wconf 90' lang='lat' dir='ltr'>id</span> <span class='ocrx_word' id='word_1_166' title='bbox 1044 1880 1112 1914; x_wconf 75' lang='lat' dir='ltr'>est</span> <span class='ocrx_word' id='word_1_167' title='bbox 1145 1876 1239 1914; x_wconf 86' lang='lat' dir='ltr'>sine</span> <span class='ocrx_word' id='word_1_168' title='bbox 1272 1873 1400 1928; x_wconf 73' lang='grc' dir='ltr'>ἀρετῇ.</span> <span class='ocrx_word' id='word_1_169' title='bbox 1435 1875 1458 1912; x_wconf 91' lang='grc'>2</span> <span class='ocrx_word' id='word_1_170' title='bbox 1493 1886 1584 1913; x_wconf 80' lang='lat' dir='ltr'>TAM</span> <span class='ocrx_word' id='word_1_171' title='bbox 1617 1885 1747 1913; x_wconf 80' lang='lat' dir='ltr'>NULLI</span> <span class='ocrx_word' id='word_1_172' title='bbox 1780 1883 1874 1912; x_wconf 86' lang='lat' dir='ltr'>CON-</span> 
     </span>
     <span class='ocr_line' id='line_1_28' title="bbox 263 1938 1876 2002; baseline -0.004 -10"><span class='ocrx_word' id='word_1_173' title='bbox 263 1965 346 1992; x_wconf 83' lang='lat' dir='ltr'>srLI</span> <span class='ocrx_word' id='word_1_174' title='bbox 388 1964 474 1992; x_wconf 84' lang='lat' dir='ltr'>una</span> <span class='ocrx_word' id='word_1_175' title='bbox 515 1964 614 2002; x_wconf 75' lang='lat' dir='ltr'>pars</span> <span class='ocrx_word' id='word_1_176' title='bbox 655 1938 868 1992; x_wconf 78' lang='lat' dir='ltr'>orationis</span> <span class='ocrx_word' id='word_1_177' title='bbox 910 1955 991 1992; x_wconf 83' lang='lat' dir='ltr'>est.</span> <span class='ocrx_word' id='word_1_178' title='bbox 1036 1953 1060 1990; x_wconf 84' lang='lat'><strong>3</strong></span> <span class='ocrx_word' id='word_1_179' title='bbox 1104 1962 1236 1990; x_wconf 86' lang='lat' dir='ltr'>NULLI</span> <span class='ocrx_word' id='word_1_180' title='bbox 1276 1961 1442 1990; x_wconf 83' lang='lat' dir='ltr'>CONSILI</span> <span class='ocrx_word' id='word_1_181' title='bbox 1474 1961 1552 1989; x_wconf 87' lang='lat' dir='ltr'>nos</span> <span class='ocrx_word' id='word_1_182' title='bbox 1584 1950 1801 1988; x_wconf 88' lang='lat' dir='ltr'>nullius</span> <span class='ocrx_word' id='word_1_183' title='bbox 1833 1951 1876 1987; x_wconf 85' lang='lat' dir='ltr'>et</span> 
     </span>
     <span class='ocr_line' id='line_1_29' title="bbox 264 2024 1874 2078; baseline -0.004 -10"><span class='ocrx_word' id='word_1_184' title='bbox 264 2030 468 2078; x_wconf 88' lang='lat' dir='ltr'>solius,</span> <span class='ocrx_word' id='word_1_185' title='bbox 512 2030 630 2067; x_wconf 88' lang='lat' dir='ltr'>recte</span> <span class='ocrx_word' id='word_1_186' title='bbox 676 2032 823 2067; x_wconf 82' lang='lat' dir='ltr'>autem</span> <span class='ocrx_word' id='word_1_187' title='bbox 869 2032 1042 2067; x_wconf 83' lang='lat' dir='ltr'>veteres</span> <span class='ocrx_word' id='word_1_188' title='bbox 1085 2027 1279 2066; x_wconf 88' lang='lat' dir='ltr'>nullus</span> <span class='ocrx_word' id='word_1_189' title='bbox 1322 2027 1470 2065; x_wconf 89' lang='lat' dir='ltr'>nulli</span> <span class='ocrx_word' id='word_1_190' title='bbox 1503 2028 1544 2065; x_wconf 88' lang='lat' dir='ltr'>et</span> <span class='ocrx_word' id='word_1_191' title='bbox 1578 2025 1734 2064; x_wconf 85' lang='lat' dir='ltr'>solus</span> <span class='ocrx_word' id='word_1_192' title='bbox 1767 2024 1874 2062; x_wconf 90' lang='lat' dir='ltr'>soli</span> 
     </span>
     <span class='ocr_line' id='line_1_30' title="bbox 259 2105 553 2144; baseline -0.003 0"><span class='ocrx_word' id='word_1_193' title='bbox 259 2105 553 2144; x_wconf 81' lang='lat' dir='ltr'>declinabant.</span> 
     </span>
    </p>

    <p class='ocr_par' dir='ltr' id='par_1_15' title="bbox 263 2176 1876 2381">
     <span class='ocr_line' id='line_1_31' title="bbox 321 2176 1872 2228; baseline -0.005 -8"><span class='ocrx_word' id='word_1_194' title='bbox 321 2181 345 2219; x_wconf 89' lang='grc'>2</span> <span class='ocrx_word' id='word_1_195' title='bbox 377 2192 523 2220; x_wconf 79' lang='lat' dir='ltr'>FUTILI</span> <span class='ocrx_word' id='word_1_196' title='bbox 555 2181 640 2219; x_wconf 86' lang='lat' dir='ltr'>levi</span> <span class='ocrx_word' id='word_1_197' title='bbox 674 2181 814 2219; x_wconf 86' lang='lat' dir='ltr'>inani:</span> <span class='ocrx_word' id='word_1_198' title='bbox 850 2191 875 2219; x_wconf 85' lang='lat' dir='ltr'>a</span> <span class='ocrx_word' id='word_1_199' title='bbox 910 2190 1011 2219; x_wconf 86' lang='lat' dir='ltr'>vase</span> <span class='ocrx_word' id='word_1_200' title='bbox 1044 2180 1155 2228; x_wconf 84' lang='lat' dir='ltr'>quc-d</span> <span class='ocrx_word' id='word_1_201' title='bbox 1184 2179 1354 2219; x_wconf 86' lang='lat' dir='ltr'>futile</span> <span class='ocrx_word' id='word_1_202' title='bbox 1382 2177 1689 2226; x_wconf 84' lang='lat' dir='ltr'>dicitur‚quod</span> <span class='ocrx_word' id='word_1_203' title='bbox 1706 2187 1790 2214; x_wconf 88' lang='lat' dir='ltr'>non</span> <span class='ocrx_word' id='word_1_204' title='bbox 1808 2176 1872 2214; x_wconf 87' lang='lat' dir='ltr'>de-</span> 
     </span>
     <span class='ocr_line' id='line_1_32' title="bbox 263 2251 1876 2305; baseline -0.004 -10"><span class='ocrx_word' id='word_1_205' title='bbox 263 2260 430 2305; x_wconf 87' lang='lat' dir='ltr'>ponunt</span> <span class='ocrx_word' id='word_1_206' title='bbox 471 2257 666 2295; x_wconf 88' lang='lat' dir='ltr'>ministri</span> <span class='ocrx_word' id='word_1_207' title='bbox 707 2255 1043 2304; x_wconf 76' lang='lat' dir='ltr'>sacrificiorum,</span> <span class='ocrx_word' id='word_1_208' title='bbox 1087 2255 1198 2303; x_wconf 86' lang='lat' dir='ltr'>quod</span> <span class='ocrx_word' id='word_1_209' title='bbox 1231 2256 1300 2294; x_wconf 82' lang='lat' dir='ltr'>est</span> <span class='ocrx_word' id='word_1_210' title='bbox 1331 2256 1458 2293; x_wconf 86' lang='lat' dir='ltr'>acuto</span> <span class='ocrx_word' id='word_1_211' title='bbox 1491 2254 1622 2292; x_wconf 87' lang='lat' dir='ltr'>fundo</span> <span class='ocrx_word' id='word_1_212' title='bbox 1655 2255 1697 2291; x_wconf 85' lang='lat' dir='ltr'>et</span> <span class='ocrx_word' id='word_1_213' title='bbox 1730 2251 1876 2300; x_wconf 86' lang='lat' dir='ltr'>patulo</span> 
     </span>
     <span class='ocr_line' id='line_1_33' title="bbox 263 2311 1875 2381; baseline -0.004 -11"><span class='ocrx_word' id='word_1_214' title='bbox 263 2311 336 2371; x_wconf 77' lang='lat' dir='ltr'>ore</span> <span class='ocrx_word' id='word_1_215' title='bbox 373 2332 664 2380; x_wconf 82' lang='lat' dir='ltr'>instabileque</span> <span class='ocrx_word' id='word_1_216' title='bbox 706 2334 794 2381; x_wconf 77' lang='lat' dir='ltr'>est,</span> <span class='ocrx_word' id='word_1_217' title='bbox 829 2334 875 2370; x_wconf 85' lang='lat' dir='ltr'>ut</span> <span class='ocrx_word' id='word_1_218' title='bbox 908 2332 1126 2380; x_wconf 85' lang='lat' dir='ltr'>Vergilius</span> <span class='ocrx_word' id='word_1_219' title='bbox 1160 2330 1369 2370; x_wconf 88' lang='lat' dir='ltr'>‘consiliis</span> <span class='ocrx_word' id='word_1_220' title='bbox 1404 2329 1577 2367; x_wconf 84' lang='lat' dir='ltr'>habitus</span> <span class='ocrx_word' id='word_1_221' title='bbox 1609 2337 1692 2366; x_wconf 90' lang='lat' dir='ltr'>non</span> <span class='ocrx_word' id='word_1_222' title='bbox 1725 2326 1875 2365; x_wconf 84' lang='lat' dir='ltr'>futilis&#39;</span> 
     </span>
    </p>
   </div>
   <div class='ocr_carea' id='block_1_15' title="bbox 267 2408 642 2449">
    <p class='ocr_par' dir='ltr' id='par_1_16' title="bbox 267 2408 642 2449">
     <span class='ocr_line' id='line_1_34' title="bbox 267 2408 642 2449; baseline -0.003 -1"><span class='ocrx_word' id='word_1_223' title='bbox 267 2408 388 2449; x_wconf 86' lang='lat' dir='ltr'>(Aen.</span> <span class='ocrx_word' id='word_1_224' title='bbox 427 2410 445 2446; x_wconf 89' lang='lat'>1</span> <span class='ocrx_word' id='word_1_225' title='bbox 457 2409 492 2447; x_wconf 87' lang='lat'>1.</span> <span class='ocrx_word' id='word_1_226' title='bbox 529 2408 642 2449; x_wconf 83' lang='lat'>339).</span> 
     </span>
    </p>
   </div>
   <div class='ocr_carea' id='block_1_16' title="bbox 380 2475 1874 2578">
    <p class='ocr_par' dir='ltr' id='par_1_17' title="bbox 380 2475 1874 2578">
     <span class='ocr_line' id='line_1_35' title="bbox 443 2475 1873 2518; baseline -0.006 0"><span class='ocrx_word' id='word_1_227' title='bbox 443 2483 456 2518; x_wconf 84' lang='lat'><em>1</em></span> <span class='ocrx_word' id='word_1_228' title='bbox 499 2480 519 2501; x_wconf 37' lang='grc' dir='ltr'><strong>ἦ</strong></span> <span class='ocrx_word' id='word_1_229' title='bbox 556 2492 611 2517; x_wconf 84' lang='grc' dir='ltr'>ΜΕ</span> <span class='ocrx_word' id='word_1_230' title='bbox 649 2491 883 2517; x_wconf 82' lang='lat' dir='ltr'>COMMISISSE</span> <span class='ocrx_word' id='word_1_231' title='bbox 921 2491 954 2516; x_wconf 80' lang='lat' dir='ltr'>E.</span> <span class='ocrx_word' id='word_1_232' title='bbox 992 2490 1071 2516; x_wconf 87' lang='lat' dir='ltr'>non</span> <span class='ocrx_word' id='word_1_233' title='bbox 1111 2479 1441 2516; x_wconf 86' lang='lat' dir='ltr'>‘commendasse&#39;</span> <span class='ocrx_word' id='word_1_234' title='bbox 1481 2479 1549 2513; x_wconf 88' lang='lat' dir='ltr'>sed</span> <span class='ocrx_word' id='word_1_235' title='bbox 1578 2475 1873 2512; x_wconf 82' lang='lat' dir='ltr'>‘comniisisse&#39;:</span> 
     </span>
     <span class='ocr_line' id='line_1_36' title="bbox 380 2530 1874 2578; baseline -0.006 -7"><span class='ocrx_word' id='word_1_236' title='bbox 380 2535 673 2571; x_wconf 81' lang='lat' dir='ltr'>committimus</span> <span class='ocrx_word' id='word_1_237' title='bbox 689 2536 795 2571; x_wconf 87' lang='lat' dir='ltr'>enim</span> <span class='ocrx_word' id='word_1_238' title='bbox 813 2544 914 2578; x_wconf 83' lang='lat' dir='ltr'>quae</span> <span class='ocrx_word' id='word_1_239' title='bbox 931 2544 1078 2578; x_wconf 86' lang='lat' dir='ltr'>magno</span> <span class='ocrx_word' id='word_1_240' title='bbox 1095 2544 1185 2570; x_wconf 88' lang='lat' dir='ltr'>cum</span> <span class='ocrx_word' id='word_1_241' title='bbox 1202 2533 1377 2578; x_wconf 88' lang='lat' dir='ltr'>periculo</span> <span class='ocrx_word' id='word_1_242' title='bbox 1392 2532 1580 2569; x_wconf 78' lang='lat' dir='ltr'>volumus</span> <span class='ocrx_word' id='word_1_243' title='bbox 1596 2541 1686 2567; x_wconf 89' lang='lat' dir='ltr'>esse</span> <span class='ocrx_word' id='word_1_244' title='bbox 1703 2530 1874 2565; x_wconf 82' lang='lat' dir='ltr'>servata.</span> 
     </span>
    </p>
   </div>
   <div class='ocr_carea' id='block_1_17' title="bbox 265 2602 1876 2955">
    <p class='ocr_par' dir='ltr' id='par_1_18' title="bbox 265 2602 1876 2955">
     <span class='ocr_line' id='line_1_37' title="bbox 327 2602 1874 2654; baseline -0.005 -9"><span class='ocrx_word' id='word_1_245' title='bbox 327 2607 346 2644; x_wconf 88' lang='lat'>1</span> <span class='ocrx_word' id='word_1_246' title='bbox 380 2617 491 2645; x_wconf 80' lang='lat' dir='ltr'>ERGO</span> <span class='ocrx_word' id='word_1_247' title='bbox 524 2617 716 2645; x_wconf 81' lang='lat' dir='ltr'>PRETIUM</span> <span class='ocrx_word' id='word_1_248' title='bbox 749 2608 791 2645; x_wconf 85' lang='lat' dir='ltr'>et</span> <span class='ocrx_word' id='word_1_249' title='bbox 824 2607 1069 2654; x_wconf 88' lang='lat' dir='ltr'>pretium</span> <span class='ocrx_word' id='word_1_250' title='bbox 1102 2607 1145 2644; x_wconf 90' lang='lat' dir='ltr'>et</span> <span class='ocrx_word' id='word_1_251' title='bbox 1176 2605 1486 2653; x_wconf 88' lang='lat' dir='ltr'>praemium</span> <span class='ocrx_word' id='word_1_252' title='bbox 1513 2602 1774 2651; x_wconf 84' lang='lat' dir='ltr'>generaliter</span> <span class='ocrx_word' id='word_1_253' title='bbox 1800 2610 1874 2648; x_wconf 83' lang='lat' dir='ltr'>pro</span> 
     </span>
     <span class='ocr_line' id='line_1_38' title="bbox 266 2677 1874 2729; baseline -0.005 -8"><span class='ocrx_word' id='word_1_254' title='bbox 266 2682 376 2721; x_wconf 88' lang='lat' dir='ltr'>bono</span> <span class='ocrx_word' id='word_1_255' title='bbox 410 2684 486 2721; x_wconf 86' lang='lat' dir='ltr'>aut</span> <span class='ocrx_word' id='word_1_256' title='bbox 516 2682 633 2721; x_wconf 85' lang='lat' dir='ltr'>malo</span> <span class='ocrx_word' id='word_1_257' title='bbox 661 2682 778 2720; x_wconf 88' lang='lat' dir='ltr'>facto</span> <span class='ocrx_word' id='word_1_258' title='bbox 803 2681 1012 2729; x_wconf 81' lang='lat' dir='ltr'>redditur,</span> <span class='ocrx_word' id='word_1_259' title='bbox 1041 2681 1115 2720; x_wconf 90' lang='lat' dir='ltr'>sed</span> <span class='ocrx_word' id='word_1_260' title='bbox 1144 2680 1454 2719; x_wconf 86' lang='lat' dir='ltr'>discernuntur</span> <span class='ocrx_word' id='word_1_261' title='bbox 1482 2679 1562 2717; x_wconf 89' lang='lat' dir='ltr'>hoc</span> <span class='ocrx_word' id='word_1_262' title='bbox 1592 2677 1738 2715; x_wconf 88' lang='lat' dir='ltr'>modo:</span> <span class='ocrx_word' id='word_1_263' title='bbox 1769 2685 1874 2723; x_wconf 90' lang='lat' dir='ltr'>pre-</span> 
     </span>
     <span class='ocr_line' id='line_1_39' title="bbox 265 2752 1876 2806; baseline -0.005 -10"><span class='ocrx_word' id='word_1_264' title='bbox 265 2757 402 2796; x_wconf 91' lang='lat' dir='ltr'>tium</span> <span class='ocrx_word' id='word_1_265' title='bbox 444 2768 519 2806; x_wconf 90' lang='lat' dir='ltr'>pro</span> <span class='ocrx_word' id='word_1_266' title='bbox 561 2758 750 2796; x_wconf 84' lang='lat' dir='ltr'>stultitia</span> <span class='ocrx_word' id='word_1_267' title='bbox 792 2767 929 2806; x_wconf 86' lang='lat' dir='ltr'>poena</span> <span class='ocrx_word' id='word_1_268' title='bbox 973 2758 1058 2805; x_wconf 84' lang='lat' dir='ltr'>est,</span> <span class='ocrx_word' id='word_1_269' title='bbox 1093 2755 1401 2804; x_wconf 87' lang='lat' dir='ltr'>praemium</span> <span class='ocrx_word' id='word_1_270' title='bbox 1436 2764 1510 2802; x_wconf 88' lang='lat' dir='ltr'>pro</span> <span class='ocrx_word' id='word_1_271' title='bbox 1544 2753 1706 2791; x_wconf 86' lang='lat' dir='ltr'>virtute</span> <span class='ocrx_word' id='word_1_272' title='bbox 1738 2752 1781 2789; x_wconf 86' lang='lat' dir='ltr'>et</span> <span class='ocrx_word' id='word_1_273' title='bbox 1811 2760 1876 2788; x_wconf 75' lang='lat' dir='ltr'>sa·</span> 
     </span>
     <span class='ocr_line' id='line_1_40' title="bbox 265 2828 1875 2880; baseline -0.004 -10"><span class='ocrx_word' id='word_1_274' title='bbox 265 2833 429 2880; x_wconf 86' lang='lat' dir='ltr'>pientia</span> <span class='ocrx_word' id='word_1_275' title='bbox 461 2833 597 2871; x_wconf 90' lang='lat' dir='ltr'>honor</span> <span class='ocrx_word' id='word_1_276' title='bbox 625 2835 692 2870; x_wconf 87' lang='lat' dir='ltr'>est</span> <span class='ocrx_word' id='word_1_277' title='bbox 726 2834 769 2871; x_wconf 86' lang='lat' dir='ltr'>et</span> <span class='ocrx_word' id='word_1_278' title='bbox 801 2832 985 2879; x_wconf 81' lang='lat' dir='ltr'>lucrum,</span> <span class='ocrx_word' id='word_1_279' title='bbox 1022 2832 1046 2869; x_wconf 82' lang='lat'>2</span> <span class='ocrx_word' id='word_1_280' title='bbox 1079 2828 1136 2879; x_wconf 82' lang='lat' dir='ltr'>(a)</span> <span class='ocrx_word' id='word_1_281' title='bbox 1169 2830 1388 2878; x_wconf 87' lang='lat' dir='ltr'>Vergilius</span> <span class='ocrx_word' id='word_1_282' title='bbox 1422 2830 1527 2867; x_wconf 85' lang='lat' dir='ltr'>‘rem</span> <span class='ocrx_word' id='word_1_283' title='bbox 1556 2837 1758 2875; x_wconf 84' lang='lat' dir='ltr'>magnam</span> <span class='ocrx_word' id='word_1_284' title='bbox 1787 2836 1875 2874; x_wconf 86' lang='lat' dir='ltr'>pre-</span> 
     </span>
     <span class='ocr_line' id='line_1_41' title="bbox 266 2900 1876 2955; baseline -0.005 -9"><span class='ocrx_word' id='word_1_285' title='bbox 266 2908 462 2955; x_wconf 89' lang='lat' dir='ltr'>tiumque</span> <span class='ocrx_word' id='word_1_286' title='bbox 506 2917 655 2946; x_wconf 87' lang='lat' dir='ltr'>morae</span> <span class='ocrx_word' id='word_1_287' title='bbox 696 2908 801 2946; x_wconf 84' lang='lat' dir='ltr'>fore’</span> <span class='ocrx_word' id='word_1_288' title='bbox 845 2909 888 2945; x_wconf 89' lang='lat' dir='ltr'>et</span> <span class='ocrx_word' id='word_1_289' title='bbox 928 2907 1030 2944; x_wconf 85' lang='lat' dir='ltr'>alibi</span> <span class='ocrx_word' id='word_1_290' title='bbox 1074 2906 1215 2944; x_wconf 84' lang='lat' dir='ltr'>‘illum</span> <span class='ocrx_word' id='word_1_291' title='bbox 1259 2904 1448 2952; x_wconf 84' lang='lat' dir='ltr'>Tydides</span> <span class='ocrx_word' id='word_1_292' title='bbox 1491 2915 1528 2952; x_wconf 89' lang='lat' dir='ltr'>p.</span> <span class='ocrx_word' id='word_1_293' title='bbox 1572 2905 1603 2941; x_wconf 90' lang='lat' dir='ltr'>t.</span> <span class='ocrx_word' id='word_1_294' title='bbox 1648 2913 1684 2940; x_wconf 86' lang='lat' dir='ltr'>a.</span> <span class='ocrx_word' id='word_1_295' title='bbox 1717 2900 1876 2939; x_wconf 84' lang='lat' dir='ltr'>adfecit</span> 
     </span>
    </p>
   </div>
   <div class='ocr_carea' id='block_1_18' title="bbox 267 2978 1045 3030">
    <p class='ocr_par' dir='ltr' id='par_1_19' title="bbox 267 2978 1045 3030">
     <span class='ocr_line' id='line_1_42' title="bbox 267 2978 1045 3030; baseline -0.004 -9"><span class='ocrx_word' id='word_1_296' title='bbox 267 2983 419 3030; x_wconf 88' lang='lat' dir='ltr'>pretio&#39;</span> <span class='ocrx_word' id='word_1_297' title='bbox 456 2983 578 3022; x_wconf 87' lang='lat' dir='ltr'>(Aen.</span> <span class='ocrx_word' id='word_1_298' title='bbox 610 2984 651 3020; x_wconf 82' lang='lat'>9.</span> <span class='ocrx_word' id='word_1_299' title='bbox 687 2983 792 3030; x_wconf 81' lang='grc'>232,</span> <span class='ocrx_word' id='word_1_300' title='bbox 830 2978 896 3020; x_wconf 85' lang='grc'>12.</span> <span class='ocrx_word' id='word_1_301' title='bbox 931 2982 1045 3025; x_wconf 82' lang='lat'>351).</span> 
     </span>
    </p>
   </div>
   <div class='ocr_carea' id='block_1_19' title="bbox 383 3047 1871 3153">
    <p class='ocr_par' dir='ltr' id='par_1_20' title="bbox 383 3047 1871 3153">
     <span class='ocr_line' id='line_1_43' title="bbox 438 3047 1871 3093; baseline -0.006 -2"><span class='ocrx_word' id='word_1_302' title='bbox 438 3056 460 3090; x_wconf 90' lang='grc'>2</span> <span class='ocrx_word' id='word_1_303' title='bbox 490 3066 513 3090; x_wconf 89' lang='grc' dir='ltr'>α</span> <span class='ocrx_word' id='word_1_304' title='bbox 541 3065 718 3091; x_wconf 83' lang='lat' dir='ltr'>PRETIUM</span> <span class='ocrx_word' id='word_1_305' title='bbox 748 3065 796 3090; x_wconf 82' lang='lat' dir='ltr'>OB</span> <span class='ocrx_word' id='word_1_306' title='bbox 826 3063 1069 3090; x_wconf 77' lang='lat' dir='ltr'>STULTITIAM</span> <span class='ocrx_word' id='word_1_307' title='bbox 1098 3053 1155 3089; x_wconf 87' lang='lat' dir='ltr'>sic</span> <span class='ocrx_word' id='word_1_308' title='bbox 1178 3055 1218 3089; x_wconf 90' lang='lat' dir='ltr'>et</span> <span class='ocrx_word' id='word_1_309' title='bbox 1244 3052 1408 3088; x_wconf 86' lang='lat' dir='ltr'>Plautus</span> <span class='ocrx_word' id='word_1_310' title='bbox 1432 3052 1593 3087; x_wconf 87' lang='lat' dir='ltr'>locutus</span> <span class='ocrx_word' id='word_1_311' title='bbox 1608 3051 1671 3085; x_wconf 87' lang='lat' dir='ltr'>est</span> <span class='ocrx_word' id='word_1_312' title='bbox 1687 3047 1871 3093; x_wconf 87' lang='lat' dir='ltr'>‘pretium</span> 
     </span>
     <span class='ocr_line' id='line_1_44' title="bbox 383 3102 1689 3153; baseline -0.006 -8"><span class='ocrx_word' id='word_1_313' title='bbox 383 3109 431 3144; x_wconf 88' lang='lat' dir='ltr'>ob</span> <span class='ocrx_word' id='word_1_314' title='bbox 459 3109 610 3145; x_wconf 85' lang='lat' dir='ltr'>‘asinos</span> <span class='ocrx_word' id='word_1_315' title='bbox 640 3118 710 3153; x_wconf 91' lang='lat' dir='ltr'>pro</span> <span class='ocrx_word' id='word_1_316' title='bbox 742 3107 961 3144; x_wconf 76' lang='lat' dir='ltr'>‘asinorum’</span> <span class='ocrx_word' id='word_1_317' title='bbox 992 3105 1191 3152; x_wconf 80' lang='lat' dir='ltr'>pretium’.</span> <span class='ocrx_word' id='word_1_318' title='bbox 1222 3107 1403 3150; x_wconf 86' lang='lat' dir='ltr'>(Argum.</span> <span class='ocrx_word' id='word_1_319' title='bbox 1431 3104 1545 3140; x_wconf 88' lang='lat' dir='ltr'>Asin.</span> <span class='ocrx_word' id='word_1_320' title='bbox 1573 3113 1610 3139; x_wconf 87' lang='lat' dir='ltr'>v.</span> <span class='ocrx_word' id='word_1_321' title='bbox 1639 3102 1689 3147; x_wconf 87' lang='lat'>3).</span> 
     </span>
    </p>
   </div>
  </div>
 </body>
</html>
