2242 3443
940 183 1021 222 169

362 306 465 348 quod
503 306 770 341 contemnas?
810 328 856 332 —
896 306 1025 341 tacet:
1055 305 1155 340 satis
1186 304 1333 339 laudat‘
1363 304 1403 337 et
1434 302 1536 345 ‘quid
1566 303 1630 346 tu,
1658 300 1854 337 Thraso?

362 359 453 402 quia
481 369 605 403 supra
632 360 932 403 contempserat
961 359 1147 403 puellam.

98 435 171 470 477
303 439 417 474 QUAE
460 441 637 469 LlssEROS
679 441 799 469 sorizh:
831 440 1013 475 AEQUUM
1046 440 1121 468 Es'r
1156 429 1222 466 his
1255 427 1379 466 liberi
1412 426 1533 475 pueri
1567 426 1733 464 artibus
1766 435 1855 464 eru-

247 506 492 544 diebantur.
526 508 595 546 (α).

420 590 443 614 α
473 581 512 615 et
541 582 605 615 est
633 580 761 623 figura
790 581 960 622 ἔλλειψις,
991 580 1105 614 deest
1134 578 1239 614 enim
1270 577 1372 612 ‘his'.

99 655 175 691 478
308 652 327 688 1
363 661 702 690 ADULESCENTEM
736 661 984 689 SOLLERTEM
1017 661 1131 688 DAsso
1163 648 1539 696 <‘sollertem'>
1571 648 1780 685 disertum
1808 643 1858 693 1);

247 728 395 765 utrum
424 725 545 765 ‘haec
567 726 806 765 sollertem'
825 728 873 764 ut
891 726 1098 764 Horat-ius
1117 725 1255 764 ‘docte
1273 733 1521 762 sermonem
1540 723 1767 770 utriusque
1785 722 1861 760 iln-

249 802 371 850 guae‘
406 805 456 844 (C.
491 803 530 841 3.
566 803 605 841 8.
640 803 693 845 5),
726 812 780 840 an
814 801 1131 840 assumendum
1166 802 1233 838 est
1267 796 1364 838 ‘his'
1393 799 1703 837 extrinsecus?
1732 798 1864 836 3301,-

248 888 354 917 LERs
401 878 525 926 quasi
569 880 689 917 totus
732 888 787 917 ex
829 880 922 916 arte
966 877 1234 924 consistenS‚
1280 878 1328 914 ut
1371 874 1461 920 ὅλος
1504 872 1545 911 ἐν
1587 872 1722 927 ἀρετῇ,
1752 873 1863 921 quod

251 954 396 993 Latini
425 965 446 992 s
472 954 621 992 littera
648 964 722 1003 pro
751 965 800 1002 H,
832 954 990 992 solus
1018 954 1067 991 in
1100 955 1244 1000 arte;
1274 951 1374 990 huic
1400 952 1556 989 iners
1584 949 1867 988 contrarium.

427 1029 448 1063 2
488 1038 718 1064 SOLLERTEM
757 1028 869 1063 deest
909 1027 1011 1062 ‘his’.
1052 1028 1074 1062 4
1115 1027 1216 1062 Nam
1250 1026 1443 1061 sollers
1472 1023 1588 1068 quasi
1617 1025 1704 1067 ὅλης
1734 1025 1866 1066 ἀρετῆς

371 1082 511 1126 dictus,
542 1085 586 1117 ut
615 1084 702 1117 ὅλον
733 1082 916 1126 solum,
947 1084 1059 1125 ἥμισυ
1089 1080 1267 1124 semis,
1299 1081 1334 1115 ἕξ
1364 1089 1454 1115 sex
1484 1078 1665 1114 dicimus.

105 1158 182 1194 479
314 1155 333 1192 1
369 1163 450 1192 Eoo
483 1162 618 1192 1LLUM
652 1163 896 1192 EUNUGHUM
930 1163 969 1191 si
1003 1163 1109 1191 opus
1137 1163 1229 1190 snm*
1258 1161 1339 1189 VEL
1367 1160 1547 1189 somnus
1574 1150 1657 1188 hoc
1684 1150 1732 1187 ut
1757 1148 1866 1186 mili-

253 1232 347 1268 tare
381 1232 465 1277 est,
499 1230 563 1268 ita
596 1231 900 1279 importunum
934 1231 1166 1278 praesente
1193 1228 1376 1276 Thaide,
1407 1229 1535 1266 extra
1560 1236 1691 1273 quam
1721 1226 1866 1271 mileS,

255 1305 292 1344 si
323 1307 513 1354 saperet,
549 1305 659 1343 nihil
691 1306 906 1344 amatorie
939 1305 1238 1353 contemplare
1271 1303 1440 1349 debuit;
1475 1302 1549 1341 sed
1579 1303 1621 1340 et
1649 1301 1730 1339 hoc
1756 1310 1868 1338 acce-

253 1381 318 1419 dit
360 1382 412 1420 ad
456 1382 549 1420 eius
589 1381 757 1430 odium,
801 1384 1110 1430 praeterquam
1155 1381 1267 1428 quod
1308 1381 1395 1418 iam
1439 1379 1482 1417 in
1524 1377 1771 1426 suspicione
1803 1378 1871 1414 est

256 1457 424 1496 amicae
457 1467 581 1505 suae,
616 1458 727 1505 quod
754 1457 975 1496 fidicinam
1004 1457 1148 1505 magis
1175 1456 1340 1504 diligat.
1373 1456 1396 1493 2
1426 1455 1475 1493 Et
1504 1455 1584 1493 hoc
1610 1453 1739 1499 mire,
1759 1453 1870 1500 quod

257 1543 386 1572 nemo
434 1534 551 1582 prior
599 1534 848 1572 eunuchum
899 1543 996 1572 esse
1044 1532 1284 1572 Chaeream
1326 1541 1459 1579 quam
1502 1530 1631 1569 miles
1669 1528 1873 1568 credidit:

256 1609 364 1648 adeo
407 1610 572 1648 stultus
615 1610 749 1649 etiam
793 1610 971 1649 nomine
1013 1611 1108 1657 ipso
1151 1608 1413 1657 appellavit;
1446 1607 1521 1646 sed
1553 1606 1705 1645 statim
1738 1604 1874 1643 stulte

256 1685 385 1724 miles
427 1685 569 1734 primo
612 1686 855 1724 convitium
898 1686 981 1734 ipsi
1025 1685 1224 1724 eunucho
1261 1684 1385 1732 facit,
1419 1683 1462 1721 in
1495 1692 1578 1730 quo
1610 1682 1755 1730 potest
1785 1681 1871 1719 iam

258 1761 450 1800 amicam
497 1761 688 1809 laedere;
739 1761 895 1800 deinde
942 1762 1024 1800 hoc
1065 1761 1178 1799 dicto
1221 1761 1461 1799 attestatur
1504 1757 1874 1807 pulchritudinem

259 1838 387 1876 huius
431 1838 639 1877 muneris.
686 1837 793 1887 Quid
834 1837 969 1886 igitur
1001 1835 1203 1885 proficit?
1236 1835 1352 1874 Satis
1384 1838 1532 1874 autem
1566 1833 1756 1873 ioculare
1789 1833 1874 1879 est,

258 1913 295 1951 si
339 1914 504 1962 cogites
545 1912 782 1952 Chaeream
817 1923 934 1961 esse,
969 1913 1042 1960 qui
1074 1913 1183 1951 haec
1215 1912 1267 1950 de
1299 1922 1345 1950 se
1379 1911 1529 1950 audiat
1561 1912 1603 1948 et
1636 1912 1781 1948 tacere
1814 1918 1877 1946 co-

258 1990 400 2037 gatur.
437 1991 461 2028 3
496 2000 576 2027 VEL
609 1999 789 2028 SOBRIUS
822 1989 1008 2028 honesta
1039 1987 1210 2037 ἔλλειψις
1243 1989 1420 2036 propter
1452 1986 1652 2025 mulieris
1679 1993 1876 2034 praesen-

261 2066 388 2114 tiam,
435 2067 482 2103 ut
523 2066 746 2104 ‘novimus
790 2067 833 2104 et
865 2064 937 2113 qui
968 2065 1025 2104 te’
1059 2063 1165 2110 (Ecl.
1200 2065 1239 2103 3.
1274 2064 1314 2105 8)
1348 2065 1390 2102 et
1422 2064 1514 2112 ipse
1546 2063 1590 2100 in
1623 2060 1876 2100 Heautonti-

262 2151 524 2180 morumeno
556 2150 612 2182 (v,
647 2142 747 2183 913)
782 2141 868 2188 ‘qui
901 2151 947 2179 se
982 2140 1156 2179 vidente
1189 2140 1378 2178 amicam
1411 2139 1603 2187 patiatur
1635 2137 1792 2176 suam’.
1826 2139 1878 2180 (α)

434 2216 456 2250 3
487 2225 511 2250 α
541 2215 626 2251 Hoc
655 2217 792 2251 tamen
823 2215 938 2250 miles
969 2216 1133 2250 coactus
1163 2224 1186 2249 a
1214 2214 1463 2250 Parmenone
1493 2213 1602 2257 dicit,
1633 2212 1724 2255 quia
1752 2219 1880 2255 repre·

382 2269 538 2304 hensus
569 2271 632 2305 est
662 2269 840 2305 tacuisse
871 2269 932 2309 (cf.
963 2279 999 2304 v.
1030 2268 1134 2310 476).

119 2345 195 2381 480
313 2323 345 2379 ⁸l
392 2351 535 2385 ATQUE
577 2352 694 2380 HAEC
737 2352 810 2386 Qui
853 2351 970 2379 M1sm=
1013 2341 1054 2379 id
1087 2342 1177 2378 est:
1211 2340 1336 2378 tanta
1369 2341 1413 2377 et
1444 2338 1551 2377 talia
1582 2346 1778 2375 munera.
1811 2336 1879 2375 (α).

267 2418 290 2455 2
325 2427 411 2455 NON
446 2428 529 2455 SIBI
563 2428 655 2456 som
688 2427 910 2455 POSTULAT
942 2416 1023 2455 hoc
1056 2417 1124 2454 est
1158 2414 1215 2454 ‘et
1247 2415 1382 2453 istum
1417 2413 1639 2453 aemulum
1673 2412 1782 2460 quod
1812 2421 1877 2459 po-

265 2494 373 2533 teris
405 2494 457 2532 ab
491 2503 542 2532 ea
572 2493 736 2541 pellito’
771 2495 826 2533 (V.
863 2485 980 2537 214).

441 2568 459 2602 1
493 2577 516 2603 a
546 2567 618 2603 hoc
646 2567 753 2602 enim
784 2566 997 2610 significat.

124 2643 197 2680 481
327 2650 377 2677 ΕΤ
421 2649 507 2677 SUA
549 2649 691 2677 CAUSA
729 2649 917 2677 EXCLUDI
951 2647 1135 2676 CETEROS
1169 2636 1278 2674 nihil
1311 2636 1394 2674 dici
1427 2635 1569 2684 potuit
1600 2631 1882 2671 invidiosius:

270 2725 356 2753 non
389 2715 506 2754 enim
538 2715 651 2753 dixit
685 2713 975 2752 ‘Phaedriam’
1004 2713 1081 2752 sed
1111 2711 1322 2760 ‘ceteros’,
1350 2711 1473 2758 quasi
1500 2709 1637 2748 futuri
1664 2708 1885 2746 amatores

268 2790 473 2838 fuissent,
509 2790 596 2828 nisi
628 2791 897 2828 metueretur
929 2788 1181 2836 exemplum
1216 2787 1466 2825 Phaedriae.

127 2868 202 2905 482
334 2867 353 2904 1
400 2875 541 2911 NEQUE
585 2876 758 2904 PUGNAS
800 2875 978 2903 NARRAT
1021 2863 1254 2911 descriptio
1297 2862 1452 2900 militis
1495 2861 1670 2899 tantum
1704 2857 1885 2904 excepto

36 2989 38 3012 N
335 2985 450 2988 ψ

176 3052 198 3095 ¹)
225 3052 376 3087 Wessn.
400 3065 466 3096 pro
492 3050 699 3086 ‘disertum'
725 3049 884 3085 correxit
909 3048 1128 3084 ‘incertum'.
