2242 3443
929 160 1012 197 343

26 316 27 334 χ
94 280 228 317 animo
258 281 361 317 male
390 283 462 316 Ad.
493 280 579 317 655.

24 346 27 369 ἵ
92 343 331 386 angiportus
361 343 432 377 Ad.
464 341 551 379 578.

24 419 25 450 3
95 404 302 447 antiquum
335 405 380 438 A.
410 402 498 439 817.

93 474 286 508 apparare
318 467 362 500 A.
394 464 482 500 656.
515 462 601 499 690.

93 525 293 570 appellere
321 527 367 561 A.
401 527 432 560 1.
464 524 550 560 446.
581 523 670 561 924.

92 588 197 630 apud
236 596 279 622 se
316 597 406 623 esse
437 590 480 621 A.
511 585 597 621 408.
630 585 718 621 937.
750 586 818 620 Ph.
849 586 935 621 204.

18 669 21 687 ,·
93 657 159 683 ars
189 650 261 683 ἀπὸ
290 652 355 691 τὴς
384 650 515 690 ἀρετῆς
543 649 588 682 A.
621 646 682 683 30.
713 646 774 682 33.
805 647 891 682 608.

93 709 303 753 aspernari
330 708 399 744 Ph.
431 708 518 744 371.

16 758 20 796 ἰ
94 773 178 806 atat
208 770 248 806 E.
280 770 366 808 727.

15 831 18 858 ³
94 831 230 867 audire
259 833 359 867 bene
389 831 458 866 Ph.
490 831 551 867 20.

15 894 17 900 ’
94 893 249 928 auferre
278 893 379 928 ferre
407 894 451 928 A.
481 892 543 935 28,
572 903 651 936 per·
675 892 736 928 62.
760 895 830 927 Ad.
852 893 935 928 116.

14 959 23 995 ζ
92 954 299 998 auspicato
330 955 381 989 in·
412 957 457 989 A.
488 954 576 990 807.

496 1052 542 1091 B.

92 1140 237 1176 bellum
269 1141 429 1176 bellaria
458 1142 528 1176 Ad.
561 1141 647 1178 590.

93 1202 252 1238 bonitas
282 1203 351 1238 Ph.
382 1202 442 1238 34.

91 1264 220 1299 bonus
248 1263 421 1300 liberalis
451 1266 524 1299 Ad.
554 1264 641 1302 464.

494 1362 539 1403 G.

93 1443 282 1478 caelibem
311 1443 492 1479 caelitem
524 1445 596 1478 Ad.
626 1444 687 1480 43.

93 1505 301 1540 calamitas
331 1505 372 1539 E.
403 1504 465 1540 79.
495 1504 543 1540 Η.
576 1505 609 1540 2.

92 1565 257 1601 callidus
286 1566 427 1601 callum
457 1567 528 1600 Ad.
557 1566 645 1602 417.

93 1628 213 1671 caput
241 1636 312 1671 pro
341 1627 503 1662 homine
533 1629 578 1663 A.
611 1627 698 1663 371.

91 1697 181 1724 caro
210 1688 324 1732 quasi
349 1689 444 1724 cado
471 1690 540 1724 Ad.
567 1688 654 1733 848,
681 1691 781 1732 quod
807 1693 937 1724 careat

145 1750 281 1785 anima
308 1750 358 1788 H.
389 1750 477 1786 441.

92 1813 207 1847 catus
236 1811 332 1847 Cato
362 1813 491 1853 (κάειν)
520 1814 566 1847 A.
596 1811 684 1848 855.

91 1882 196 1917 casa,
238 1873 295 1908 ita
335 1873 466 1916 fugias
508 1884 559 1909 ne
602 1876 760 1918 praeter
802 1883 937 1909 casam

146 1933 215 1969 Ph.
253 1933 341 1971 768.

93 1996 187 2031 cedo
217 1998 321 2032 cette
349 1997 398 2032 A.
426 1994 515 2032 383.
547 1995 635 2032 389.
678 1998 682 2000 “

93 2058 219 2093 celare
249 2067 280 2092 c.
310 2067 387 2093 acc.
418 2057 574 2093 duobus
603 2058 652 2093 H.
681 2057 769 2094 530.

91 2118 188 2153 cella
217 2119 343 2154 celare
372 2120 444 2154 Ad.
476 2119 564 2155 552.

91 2189 250 2216 cessare
278 2181 527 2224 requiescere
560 2182 602 2216 E.
632 2180 720 2216 405.

91 2241 258 2277 certatio
288 2251 396 2277 -men
426 2243 499 2278 Ad.
528 2242 617 2279 212.

91 2302 202 2338 cibus
230 2303 363 2339 victus
393 2304 438 2339 A.
470 2304 531 2340 75.

90 2364 393 2409 circumspicere
421 2366 648 2410 prospicere
677 2367 750 2401 Ad.
780 2364 867 2401 589.

92 2425 392 2462 circumvallare
420 2428 492 2462 Ad.
524 2427 611 2464 302.

92 2487 222 2522 clades
251 2488 344 2531 quia
372 2488 473 2524 clam
504 2489 621 2524 datur
649 2489 698 2524 H.
730 2489 765 2524 2.

92 2548 222 2584 claudi
249 2550 468 2585 claudicare
498 2550 539 2585 E.
573 2550 659 2587 164.

93 2609 268 2645 clemens
319 2611 365 2646 A.
412 2610 476 2647 36.
518 2612 592 2647 Ad.
634 2611 697 2654 42,
739 2610 806 2654 qui
848 2609 940 2645 colit

149 2671 327 2707 mentem
356 2671 444 2708 864.

93 2740 335 2775 cognoscere
363 2734 412 2769 H.
449 2734 534 2770 162.

94 2792 276 2829 columen
303 2794 373 2830 Ph.
405 2795 493 2831 287.

94 2854 222 2890 colere
250 2856 323 2891 Ad.
354 2856 441 2892 352.
472 2856 559 2892 927.

94 2915 260 2951 comiter
287 2919 387 2960 παρὰ
415 2920 459 2952 τό
489 2919 624 2958 κόσμος
656 2916 722 2951 Ph.
754 2915 841 2951 537.

94 2986 321 3013 commeare
350 2981 434 3013 -tus
463 2977 514 3013 H.
548 2977 632 3013 175.

95 3041 377 3075 commendare
405 3039 656 3075 committere
686 3038 727 3073 E.
755 3037 841 3074 886.

1003 282 1280 324 commitigare
1312 284 1351 318 E.
1385 283 1494 319 1028.

1004 344 1238 378 commodus
1270 346 1377 378 -duln
1409 346 1454 379 Α.
1486 345 1573 380 844.
1606 346 1647 380 Ε.
1679 345 1767 381 343.

1004 406 1253 439 commutare
1283 406 1403 440 verba
1436 407 1481 440 A.
1512 406 1598 442 410.

1003 473 1236 507 comparare
1268 465 1337 500 Ph.
1368 466 1429 501 41.

1005 525 1224 567 compluria
1254 526 1365 569 plure
1395 527 1463 561 Ph.
1496 527 1581 563 611.

1005 595 1167 629 compos
1198 588 1318 622 animi
1348 590 1422 622 etc.
1452 589 1524 623 Ad.
1555 588 1641 624 310.

1004 646 1238 682 conciliatus
1270 649 1337 683 -tio
1368 649 1408 682 E.
1439 649 1527 684 669.

1005 707 1301 743 conclamatum
1333 712 1396 744 est
1424 709 1465 744 E.
1497 709 1583 746 348.

1005 768 1241 805 concludere
1271 772 1316 805 A.
1350 769 1436 806 386.
1467 770 1554 807 399.
1588 772 1633 809 H.
1668 773 1755 808 702.

1005 830 1181 866 condicio
1210 832 1255 866 A.
1287 830 1349 867 79.

1005 891 1198 927 conficere
1227 893 1267 927 E.
1298 892 1386 929 926.
1418 893 1487 927 Ph.
1519 893 1579 929 38.

1005 953 1245 988 confidentia
1277 953 1420 989 fiducia
1447 956 1493 989 A.
1524 954 1612 990 876.

1004 1014 1223 1049 conflictari
1251 1016 1299 1051 A.
1329 1015 1390 1051 93.

1004 1076 1163 1111 confore
1192 1075 1314 1111 confit
1343 1079 1415 1112 etc.
1447 1078 1493 1112 A.
1526 1076 1611 1113 167.

1004 1136 1211 1172 confutare
1240 1137 1413 1173 refutare
1443 1138 1511 1174 Ph.
1542 1138 1628 1174 477.

1004 1198 1243 1233 consciverit
1272 1199 1321 1234 H.
1353 1199 1440 1235 313.

1004 1259 1216 1295 consensio
1246 1260 1406 1296 -iuratio
1435 1261 1483 1296 H.
1518 1260 1602 1297 198.

1005 1321 1229 1356 consistere
1258 1322 1330 1356 Ad.
1364 1321 1450 1357 156.

1004 1383 1250 1417 constituere
1280 1384 1495 1418 convenire
1524 1393 1612 1418 cum
1645 1384 1694 1418 H.
1729 1383 1813 1419 195.

1005 1444 1257 1478 consuetudo
1289 1444 1358 1479 Ph.
1393 1444 1478 1479 161.

1005 1505 1279 1539 contaminare
1310 1506 1355 1540 A.
1393 1505 1453 1540 16.

1005 1568 1209 1601 continere
1237 1576 1279 1601 se
1309 1566 1378 1600 Ph.
1410 1566 1496 1602 363.

1005 1634 1223 1662 contumax
1250 1627 1298 1662 H.
1330 1627 1417 1663 504.

1007 1688 1284 1723 convasissem
1312 1689 1382 1724 Ph.
1415 1689 1488 1724 190
1516 1699 1573 1732 sq.

1006 1751 1240 1785 convertere
1271 1760 1313 1785 se
1343 1751 1414 1784 Ad.
1447 1749 1533 1786 386.

1007 1821 1139 1846 coram
1190 1811 1228 1846 in
1283 1821 1340 1856 os,
1385 1811 1512 1855 palam
1557 1813 1602 1846 A.
1648 1810 1735 1846 490.
1782 1812 1851 1845 Ad.

1062 1871 1150 1909 269.
1182 1871 1269 1908 608.

1007 1935 1165 1968 credere
1195 1933 1428 1977 intellegere
1457 1935 1504 1968 A.
1535 1934 1569 1968 4.

1007 1994 1155 2029 crimen
1186 1996 1233 2031 A.
1264 1994 1298 2029 7.
1330 1994 1377 2030 H.
1410 1993 1497 2030 779.

1007 2055 1163 2099 crispus
1193 2055 1330 2090 calvus
1361 2055 1397 2090 H
1440 2055 1528 2091 440.

1007 2117 1279 2161 cuppedinarii
1305 2117 1344 2152 E.
1377 2117 1464 2152 256.
1495 2117 1718 2157 (macellum
1750 2116 1852 2158 ibid).

1007 2188 1101 2213 cura
1129 2178 1201 2214 —tio
1232 2180 1335 2214 ·tura
1362 2178 1404 2214 E.
1435 2177 1523 2216 316.
1556 2180 1602 2213 Α.
1632 2178 1693 2214 30.

1405 2277 1456 2317 D.

1007 2368 1099 2402 dare
1128 2366 1262 2401 bibere
1289 2367 1336 2401 A.
1366 2365 1454 2401 484.

1008 2429 1101 2464 dare
1129 2429 1271 2463 dedere
1298 2428 1345 2462 A.
1384 2426 1467 2462 199.

1008 2491 1101 2525 dare
1122 2488 1279 2525 facinus
1296 2489 1387 2523 sim.
1405 2488 1447 2524 E.
1464 2487 1551 2524 301.
1570 2486 1656 2523 899.
1676 2489 1745 2523 Ad.
1765 2487 1852 2523 450.

1008 2552 1100 2586 dare
1129 2550 1249 2586 verba
1279 2551 1324 2585 A.
1356 2549 1445 2585 211.
1475 2549 1504 2584 E
1548 2548 1608 2584 24.
1640 2548 1728 2584 727.

1007 2612 1089 2647 dari
1128 2613 1235 2647 stare
1275 2612 1335 2653 (de
1373 2610 1518 2651 fabula)
1551 2609 1601 2645 H.
1633 2610 1665 2645 1.
1701 2609 1760 2645 15.
1791 2608 1851 2644 40.

1008 2673 1143 2708 Davus
1173 2682 1242 2716 per
1271 2671 1472 2715 digamma
1500 2672 1546 2706 A.
1579 2671 1665 2707 174.

1008 2735 1054 2769 de
1084 2735 1248 2777 propter
1277 2733 1317 2767 E.
1349 2732 1436 2768 357.

1008 2796 1054 2830 de
1083 2795 1195 2830 valde
1224 2795 1263 2829 E.
1296 2792 1382 2829 280.
1414 2794 1487 2828 Ad.
1516 2792 1604 2828 713.

1008 2857 1216 2891 decernere
1245 2856 1289 2890 A.
1322 2854 1409 2890 219.
1441 2853 1527 2890 238.

1009 2916 1235 2961 decrepitus
1264 2916 1305 2950 E.
1336 2915 1424 2952 231.
1454 2916 1520 2949 Ad,
1558 2913 1645 2950 264.
1675 2913 1762 2950 939.

1009 2978 1173 3013 deficere
1202 2978 1369 3021 prodere
1398 2977 1580 3011 deserere
1609 2977 1681 3010 Ad.
1711 2974 1798 3010 458.

1011 3039 1175 3082 defungi
1208 3038 1280 3073 Ph.
1314 3036 1427 3073 1021.
