2242 3443
336 632 410 668 307

332 801 410 836 310

333 1504 410 1540 312

333 1598 407 1634 311

329 1839 406 1875 312

329 2389 405 2426 313

329 2708 406 2746 314

330 3022 407 3059 315

1193 245 1247 283 44

658 370 679 404 2
711 380 734 402 ιι
764 370 785 388 ³*
816 372 854 405 et
885 370 1000 412 quasi
1032 370 1162 409 manis
1190 367 1469 404 Philumenam
1495 366 1588 402 volit
1616 375 1735 409 quam
1760 365 1885 400 vitam
1900 364 2100 408 etlucem,

606 424 707 458 idem
739 423 828 458 alibi
857 424 944 464 (Asi.
981 423 1067 462 104)
1099 423 1149 457 ‘in
1176 432 1222 458 oo
1248 432 1311 457 me
1337 422 1510 467 oblecto,
1536 419 1668 455 solum
1694 420 1730 454 id
1759 428 1792 454 e.
1809 428 1947 454 carum
1963 416 2029 454 m'.
2055 438 2090 444 —

606 487 683 512 non
726 478 832 512 enini
875 477 974 512 dixit
1017 476 1182 512 ‘nullam
1226 476 1315 512 volo
1358 476 1477 512 aliam
1520 484 1639 517 quam
1679 472 1986 518 Philumenam’,
2028 473 2098 509 sed

603 530 711 567 ‘nihil
742 531 830 567 volo
860 531 980 566 aliud'
1011 531 1115 574 quod
1146 529 1350 566 infinitum
1379 532 1455 566 est.

545 629 562 666 1
600 638 771 672 QUANTO
805 638 957 665 siu-ius
991 638 1064 665 EST
1099 637 1149 665 TE
1182 637 1209 665 1.
1245 637 1284 665 D.
1314 637 1351 664 o.
1381 636 1453 670 Qut
1480 625 1582 672 ‘qui’
1611 634 1686 672 pro
1715 624 1777 662 ut.
1812 623 1836 660 2
1866 633 1939 668 Qui
1967 632 2100 661 ISTUM

483 714 663 742 AMOREM
696 714 753 742 AB
786 713 925 742 Axino
958 714 1000 742 A.
1035 703 1197 751 legitur
1229 702 1395 750 <et>
1429 701 1498 739 ‘ex
1531 700 1658 739 corde
1693 699 1856 738 eicias’.

542 798 561 834 1
607 806 663 834 TU
710 807 747 834 SI
796 806 869 834 Hic
910 806 973 833 Sis
1006 805 1165 833 ALITER
1197 804 1380 833 anmAs
1413 792 1510 831 ‘hic'
1544 794 1672 840 gestu
1705 791 1908 830 scaenico
1940 790 2100 830 melius

483 872 830 920 commendatur,
859 881 962 910 nam
992 872 1100 910 haec
1118 871 1261 919 magis
1279 869 1601 919 spectatoribus
1620 877 1749 915 quam
1768 866 1923 906 lectori
1940 866 2105 915 scripta

483 949 604 995 sunt;
647 944 703 992 (a)
745 949 789 987 et
833 949 901 986 est
943 946 1041 986 ‘hic'
1086 956 1342 995 pronomen.
1378 947 1401 984 2
1437 955 1513 983 SED
1546 954 1812 983 PAMPHILUM
1844 952 1972 982 vnmo
2004 941 2099 981 sed

480 1024 748 1072 inceptivum
791 1026 876 1072 est,
919 1028 973 1065 (α)
1022 1025 1070 1062 ut
1113 1023 1381 1062 Sallustius”
1424 1022 1499 1061 sed
1532 1021 1735 1060 Metellus
1765 1021 1810 1058 in
1842 1018 2098 1058 ulteriorem

482 1100 547 1138 H’
593 1100 655 1140 (fr.
704 1100 792 1148 68),
837 1109 922 1138 non
964 1100 1263 1138 discretivum.
1308 1098 1359 1144 (b)
1404 1099 1428 1137 3
1471 1108 1557 1136 Aen
1605 1107 1692 1137 Aac
1724 1107 1780 1135 UT
1813 1106 1848 1134 c.
1883 1094 2098 1134 adversus

480 1176 587 1215 haec
619 1186 705 1215 non
739 1175 914 1225 habuit,
951 1176 1052 1224 quid
1086 1176 1350 1224 loqueretur.
1384 1175 1437 1215 (α)

655 1251 673 1285 1
707 1260 730 1284 a
767 1250 856 1285 ‘hic'
894 1259 990 1293 ergo
1028 1259 1071 1285 se
1101 1250 1235 1294 ipsum
1264 1249 1484 1285 ostendens
1513 1248 1617 1284 dicit.
1649 1249 1670 1284 2
1701 1257 1726 1283 α
1754 1257 1843 1292 pro,
1875 1246 2010 1290 ‘atque
2039 1254 2095 1282 ec-

599 1313 689 1339 cum
731 1303 1011 1348 Pamphilum’.
1055 1304 1074 1338 b
1113 1306 1159 1340 ut
1197 1304 1230 1339 si
1268 1304 1397 1340 dicas:
1438 1303 1651 1347 sapiens
1693 1302 1779 1338 sed
1810 1301 1988 1346 miser,
2019 1299 2095 1336 hoc

598 1359 704 1394 enim
746 1358 1006 1394 discretivum
1048 1359 1123 1394 est.
1168 1357 1190 1392 3
1234 1367 1257 1391 α
1298 1359 1338 1393 et
1380 1357 1444 1392 est
1481 1357 1694 1402 permissio
1734 1355 1990 1400 reprobantis
2027 1363 2092 1400 ea,

598 1422 698 1456 quae
726 1413 866 1449 sentit.

1319 1495 1386 1514 -Χ--Χ-ἢῐ·

542 1501 561 1538 1
596 1500 676 1539 Per
707 1498 966 1550 ἀποστροφήν
1000 1498 1226 1547 finguntur
1257 1499 1317 1547 <
1388 1500 1459 1548 >.

538 1603 679 1632 OMNIA
721 1603 925 1631 nxpnmm
958 1603 1129 1631 CERTUM
1162 1603 1237 1631 EST
1269 1592 1385 1631 idem
1419 1592 1522 1631 alibi
1557 1591 1721 1632 ‘omnia
1751 1593 1874 1641 prius
1906 1591 2125 1641 experiri'

479 1679 518 1716 q.
563 1679 598 1707 a.
641 1679 674 1708 s.
719 1669 773 1708 d.‘
817 1669 937 1709 (Eun.
982 1668 1101 1713 789);
1142 1667 1364 1717 Vergilius
1395 1679 1565 1717 quoque
1596 1669 1711 1708 hanc
1743 1668 1891 1717 posuit
1921 1669 2092 1707 senten-

478 1745 589 1783 tiam
622 1743 690 1783 ‘ne
722 1745 824 1793 quid
856 1745 1138 1793 inexpertum
1172 1744 1200 1783 f.
1234 1755 1294 1783 m.
1329 1745 1376 1784 r.’
1409 1744 1531 1786 (Aen.
1565 1747 1604 1784 4.
1639 1744 1754 1788 415).

536 1837 559 1874 2
603 1847 735 1875 ΙΡευΜ
771 1847 891 1875 Hunc
923 1846 960 1875 o.
993 1847 1038 1875 H.
1070 1847 1102 1874 s.
1136 1836 1245 1875 bene
1279 1836 1454 1885 ‘ipsum’
1489 1837 1615 1885 quasi
1647 1839 1872 1882 auctorem
1905 1838 1950 1876 et
1979 1837 2092 1886 prin-

479 1912 620 1961 cipem
661 1913 746 1960 rei;
790 1912 980 1951 refertur
1022 1913 1156 1951 etiam
1200 1912 1252 1951 ad
1287 1912 1563 1961 dignitatem.
1597 1915 1621 1952 5
1655 1924 1775 1952 Hunc
1807 1924 1947 1952 ORABo
1978 1924 2023 1952 H.
2057 1924 2092 1953 S.

475 1988 699 2037 prooemia
740 1990 844 2027 sunt
876 1988 1124 2037 petitionis,
1158 1987 1318 2036 quibus
1350 1989 1545 2028 ostendit
1575 1991 1706 2038 poeta
1737 1990 1976 2040 rationem,
2011 1999 2096 2038 qua

478 2074 594 2103 nova
625 2066 669 2103 et
699 2063 898 2112 improba
930 2073 1000 2102 res
1031 2065 1182 2102 tamen
1215 2064 1394 2112 petitur.

649 2139 670 2173 3
707 2147 830 2173 11>Stm
860 2147 969 2173 Hunc
999 2146 1131 2173 oaABo
1161 2148 1202 2173 H.
1233 2147 1264 2173 S.
1296 2136 1317 2158 ÷÷
1348 2147 1558 2174 oramus
1588 2149 1689 2182 quae
1715 2141 1819 2176 bona
1843 2142 1954 2184 sunt,
1983 2150 2094 2186 sup·

597 2191 849 2236 plicamus
878 2192 917 2227 in
947 2192 1130 2227 adversis
1160 2191 1277 2227 malis
1307 2192 1369 2227 vel
1399 2202 1491 2227 cum
1520 2193 1709 2229 lacrimis.
1743 2196 1766 2229 4
1796 2204 1966 2230 AMOREM
1993 2204 2092 2231 HUIC

594 2256 631 2281 N.
671 2256 712 2281 M.
748 2255 822 2282 nec
861 2245 1071 2281 ‘studium'
1111 2247 1185 2281 aut
1223 2245 1506 2282 ‘voluntatem'
1537 2248 1607 2282 sed
1639 2248 1859 2294 ‘amorem’,
1889 2258 1963 2285 nec
1992 2248 2092 2293 ‘ape-

594 2298 707 2335 riam’
737 2301 808 2335 sed
839 2298 1037 2335 ‘narrabo'
1068 2300 1188 2335 dixit:
1220 2300 1356 2336 totum
1386 2300 1608 2344 magnifice.

537 2388 556 2424 1
597 2397 650 2425 UT
682 2397 872 2432 Amouon
907 2398 1076 2426 SALTEM
1109 2398 1150 2426 N.
1186 2398 1224 2427 P.
1258 2398 1298 2426 D.
1333 2388 1579 2436 desperatis
1611 2388 1740 2427 rebus
1772 2389 1913 2429 solam
1945 2392 2091 2439 peten-

476 2463 542 2501 tes
574 2462 765 2502 salutem
799 2464 880 2502 hoc
913 2464 1080 2502 utimur
1113 2464 1244 2502 verbo
1279 2463 1482 2502 ‘saltem’.
1518 2465 1542 2502 2
1570 2474 1740 2503 PRODAT
1767 2465 1976 2517 proferat,
2000 2476 2091 2516 pro-

476 2537 602 2586 latet,
636 2538 833 2577 differat:
868 2539 1063 2578 Lucilius
1094 2539 1139 2577 in
1173 2539 1325 2586 quinto
1354 2539 1419 2580 (fr.
1449 2540 1503 2578 32
1533 2540 1601 2579 Μ.)
1631 2541 1699 2579 ‘an
1727 2551 1853 2589 porro
1871 2543 2093 2592 prodenda

479 2613 572 2652 dies
602 2613 689 2653 sit’.

537 2706 556 2743 1
600 2715 788 2744 INTEREA
831 2716 925 2744 mm·
972 2716 1014 2745 A.
1058 2717 1093 2745 S.
1137 2706 1227 2745 tale
1260 2707 1342 2746 hoc
1375 2708 1461 2756 est,
1497 2707 1625 2755 quale
1658 2708 1765 2747 illud
1797 2715 1852 2755 (v.
1882 2711 1983 2757 398)
2016 2710 2092 2750 ‘in-

475 2783 593 2819 terea
635 2781 797 2828 aliquid
835 2781 1044 2820 acciderit
1075 2781 1213 2830 boni';
1248 2782 1324 2821 sed
1357 2782 1466 2821 nihil
1500 2783 1626 2822 illum
1659 2784 1826 2825 dixisse
1857 2788 1987 2835 poeta
2016 2797 2092 2836 per

475 2866 656 2895 servum
689 2856 885 2895 ostendit
917 2857 1100 2896 dicendo
1134 2856 1189 2896 ‘id
1223 2857 1388 2905 aliquid
1422 2858 1531 2897 nihil
1563 2860 1659 2899 est’.

651 2931 672 2965 2
701 2940 790 2967 mm*
817 2940 984 2972 Amomn
1014 2936 1059 2966 ut
1090 2941 1214 2976 supra
1242 2932 1495 2977 ‘impetrabo’
1522 2929 1578 2982 (v.
1608 2931 1717 2984 313),

536 3019 555 3056 1
589 3028 734 3057 Annon
766 3029 825 3057 AD
857 3028 994 3056 ILLUM
1026 3019 1343 3058 consuetudine
1377 3019 1520 3068 magis
1552 3030 1686 3068 quam
1717 3023 1888 3063 ratione
1917 3022 2090 3075 dicitur,

477 3103 614 3133 unum
656 3093 864 3143 <‘ad’>
906 3094 1024 3134 enim
1067 3094 1272 3135 abundat.
1318 3097 1342 3134 2
1392 3105 1545 3141 Quium
1586 3107 1623 3136 s1
1659 3108 1785 3138 NIHIL
1817 3111 1845 3139 1.
1879 3101 1956 3140 aut
1986 3100 2088 3146 Quin
