2242 3443
314 234 352 259 V!
1063 234 1318 261 PRAEFATIO.

429 347 622 387 Transeo
667 349 717 386 ad
761 348 987 386 scholia
1031 348 1147 386 fere.
1188 347 1420 393 similla,
1456 356 1567 393 quae
1600 355 1675 383 cur
1708 345 1946 393 separatim
1979 355 2076 384 exa-

312 424 518 462 minanda
560 426 662 466 sint..
702 425 882 472 exposui
918 425 959 462 in
996 423 1131 472 praef.
1166 424 1182 461 1
1219 434 1256 471 p.
1290 422 1347 460 VI
1381 432 1460 473 sq.‚
1494 431 1652 469 nempe
1687 423 1733 459 ut
1765 418 1992 470 probarem
2028 431 2081 460 ea

311 510 394 538 non
436 500 618 539 duorum
663 504 969 548 excerptorum
1004 510 1162 538 manus
1195 499 1367 547 referre,
1403 497 1477 536 sed
1511 500 1685 535 tantum
1720 507 1804 535 non
1839 497 1987 536 omnia
2018 497 2080 535 ita

310 586 406 614 esse
438 579 707 624 comparata,
744 579 791 615 ut
817 577 1007 614 alterum
1037 585 1111 624 pro
1139 577 1326 623 genuino
1355 575 1412 612 sit
1440 572 1704 620 habendum,
1735 572 1922 611 alterum
1950 573 2079 611 inter-

310 651 518 699 polatoris
568 663 747 691 manum
798 653 1013 690 ostendat.
1059 651 1167 690 Cum
1212 651 1386 698 singula
1428 650 1470 687 in
1521 649 1876 688 adnotationibus
1918 649 2079 688 diserte

311 729 609 775 tractaverim,
639 728 847 767 lectorem
876 728 981 766 illuc
1009 728 1154 775 relego
1182 737 1297 766 nunc
1324 727 1418 774 ipsa
1445 723 1612 763 scholia
1630 726 1800 763 tantum
1822 724 2016 763 referens
2038 720 2078 768 ¹).

661 870 891 908 Scholia
923 870 1043 909 fere
1076 869 1297 908 similia
1330 870 1391 907 ad
1427 869 1727 918 Adelphos.

336 974 386 1010 36
442 976 464 1011 2
518 976 604 1012 vide
646 986 766 1020 quam
811 977 938 1012 teneri
982 977 1035 1011 sit
1079 977 1228 1012 amoris
1274 977 1333 1012 hic
1376 977 1509 1021 timor,
1555 977 1592 1011 in
1637 975 1784 1010 iuvene
1827 973 2080 1019 praesertim.

442 1036 465 1073 3
499 1038 670 1074 nimium
701 1041 839 1074 tenere
870 1041 992 1083 amat,
1023 1039 1087 1082 qui
1118 1040 1157 1073 et
1188 1039 1284 1074 haec
1317 1039 1353 1073 in
1387 1039 1531 1074 iuvene
1562 1037 1822 1082 pertimescit,
1851 1045 1954 1080 quae
1981 1035 2083 1072 circa

441 1099 659 1135 infantulos
697 1110 838 1137 cavere
867 1102 1012 1137 solent.
1096 1101 1198 1136 Illud
1228 1101 1385 1136 Donato
1416 1102 1516 1145 dedi,
1547 1101 1622 1136 hoc
1650 1101 1813 1144 propter
1841 1098 2011 1135 formam
2041 1101 2082 1134 et

443 1161 764 1198 additamentum
794 1164 840 1199 de
869 1163 1080 1199 infantulis
1111 1163 1323 1208 magistro.

336 1224 383 1259 87
445 1224 462 1259 1
491 1223 514 1259 2
543 1223 565 1260 3
596 1225 748 1260 scholia
776 1225 959 1268 longiora
987 1226 1214 1260 describere
1244 1225 1501 1270 supersedeo.
1537 1224 1633 1260 Vide
1663 1223 1980 1260 adnotationem.

337 1287 386 1322 99
445 1286 463 1321 1
509 1287 668 1331 proprie
711 1286 868 1330 ‘putat',
909 1296 1002 1322 nam
1042 1287 1116 1322 hoc
1155 1287 1324 1323 verbum
1363 1286 1644 1331 imperitorum
1684 1287 1760 1322 est.
1794 1285 1817 1323 3
1849 1286 2082 1328 ἰδιωτολογία

445 1347 518 1383 hoc
555 1349 663 1383 enim
703 1349 907 1392 proprium
938 1348 1183 1384 rusticorum
1212 1350 1335 1392 atque
1363 1348 1658 1392 imperitorum.
1744 1348 1901 1384 Donato
1929 1347 2018 1383 dedi
2047 1347 2082 1393 3,

445 1409 511 1453 qui
540 1410 661 1445 etiam
691 1410 738 1445 ad
768 1410 870 1445 And.
905 1410 976 1447 113
1007 1411 1174 1445 verbum
1205 1411 1392 1454 putare
1421 1420 1500 1445 non
1525 1409 1724 1454 imperitis
1746 1410 1818 1445 sed
1832 1408 2082 1454 simplicibus

446 1471 484 1506 h.
511 1481 546 1507 e.
577 1471 740 1507 rusticis
769 1472 968 1508 attribuit.

317 1534 387 1569 101
449 1533 467 1568 1
502 1543 581 1569 non
611 1535 820 1578 peccatum
849 1536 971 1578 negat
1001 1543 1103 1578 esse,
1135 1534 1202 1570 sed
1233 1534 1429 1578 flagitium
1460 1543 1539 1570 non
1570 1543 1662 1570 esse
1691 1533 1910 1576 contendit,
1940 1535 1979 1568 et
1995 1533 2082 1568 ideo

445 1596 784 1639 subindignanter
826 1597 1170 1640 pronuntiandum
1212 1598 1288 1632 est.
1331 1596 1354 1632 2
1385 1596 1654 1632 ...delictum
1694 1598 1770 1642 est,
1808 1596 1879 1630 sed
1908 1604 1989 1631 non
2020 1595 2083 1631 est

449 1657 648 1701 flagitium
668 1685 674 1693 .
695 1686 701 1692 .
722 1687 729 1695 .
761 1657 860 1693 Vide
890 1660 981 1694 adn.

314 1719 389 1754 149
446 1720 464 1755 1
499 1721 679 1763 ...quod
724 1719 869 1755 addidit
915 1720 1208 1763 ‘meretricem’,
1249 1720 1491 1755 ostendatur
1529 1719 1856 1768 <securitas>
1903 1713 2081 1756 Micio⁰nis

444 1780 519 1816 hoc
548 1780 680 1816 solum
711 1782 840 1817 adhuc
869 1782 1037 1817 scientis
1067 1785 1106 1817 et
1136 1781 1233 1817 nihil
1259 1784 1305 1818 de
1330 1782 1476 1818 vitiata
1500 1783 1667 1827 virgine.
1693 1782 1717 1819 2
1746 1810 1780 1818 ..
1799 1810 1806 1817 .
1824 1781 1945 1818 simul
1960 1781 2081 1818 etiam

442 1842 607 1878 vitiatae
659 1843 830 1887 virginis
873 1844 1004 1879 adhuc
1047 1844 1216 1888 ignarus
1258 1844 1488 1880 ostenditur
1531 1845 1656 1881 Micio.
1698 1845 1865 1889 Reliqua
1907 1843 2080 1880 multum

443 1903 615 1949 diversa,
646 1904 734 1940 vide
766 1906 855 1940 adn.

311 1965 386 2002 156
445 1966 462 2000 1
496 1967 583 2001 vide
612 1976 732 2009 quam
762 1967 988 2010 posteriora
1016 1967 1320 2003 vehementiora
1347 1970 1446 2004 sunt
1471 1969 1517 2003 ad
1545 1969 1837 2004 incendendum
1865 1967 2080 2012 populum:

445 2027 572 2071 primo
610 2028 817 2069 miserum,
859 2030 952 2072 post
981 2028 1253 2074 innocentem,
1283 2030 1330 2065 ad
1362 2030 1549 2065 ultimum
1580 2030 1742 2075 inopem
1775 2029 1923 2074 posuit.
1955 2028 2029 2066 155
2059 2028 2082 2066 3

442 2089 518 2130 tria
546 2091 659 2132 sunt;
691 2090 826 2133 miser,
856 2090 1065 2135 innocens,
1096 2092 1226 2136 inops.
1310 2091 1396 2128 Hoc
1425 2094 1602 2127 tractum
1632 2102 1682 2128 ex
1710 2092 1789 2128 illo.

308 2151 384 2187 2521
439 2150 463 2187 2
491 2151 608 2195 ‘quid'
641 2155 804 2196 propter
834 2152 939 2198 quid,
968 2154 1008 2188 et
1034 2153 1166 2189 ‘nunc’
1193 2158 1246 2198 τῷ
1273 2155 1474 2198 ἰδιωτισμῷ
1501 2153 1683 2190 additum
1709 2155 1755 2190 de
1778 2153 1995 2199 superfluo,
2011 2154 2079 2192 ctt.

441 2213 464 2248 4
495 2224 520 2248 α
549 2214 667 2257 ‘quid'
699 2216 837 2249 autem
867 2216 1032 2258 propter
1061 2215 1166 2258 quid.
1202 2214 1302 2250 Vide
1332 2216 1422 2251 adn.

307 2274 384 2311 269
440 2273 464 2310 2
495 2274 655 2310 ‘coram'
685 2275 732 2309 ad
763 2275 899 2319 ipsum
929 2277 1105 2320 pertinet
1136 2277 1202 2320 qui
1231 2277 1370 2312 laudat
1400 2278 1434 2312 et
1469 2278 1515 2312 ad
1547 2286 1617 2313 eos
1647 2277 1714 2321 qui
1743 2278 1925 2323 audiunt,
1951 2276 2002 2312 ‘in
2021 2277 2079 2312 os'

441 2336 487 2371 ad
529 2336 664 2380 ipsum
707 2337 772 2380 qui
811 2337 1008 2373 laudatur.
1049 2337 1072 2374 3
1113 2349 1204 2374 nam
1245 2339 1404 2374 ‘coram’
1444 2339 1595 2384 laudat,
1634 2339 1701 2383 qui
1731 2349 1812 2375 non
1840 2340 1946 2375 tacet
1975 2339 2078 2383 apud

441 2397 541 2433 alios
583 2399 623 2433 et
663 2398 736 2434 hoc
774 2399 858 2443 agit
898 2409 976 2435 non
1017 2409 1086 2443 per
1117 2400 1335 2444 epistulam
1365 2401 1435 2436 sed
1466 2399 1552 2444 ipse
1581 2410 1795 2445 praesens;
1828 2400 1880 2436 ‘in
1912 2399 1988 2444 os',
2013 2399 2080 2444 qui

440 2460 544 2504 apud
587 2460 722 2504 ipsum
762 2461 962 2506 loquitur;
1005 2471 1125 2505 quem
1156 2462 1370 2498 collaudat.
1455 2462 1500 2497 In
1519 2462 1555 2507 ,3
1585 2462 1782 2499 habemus
1811 2463 1955 2499 miram
1984 2462 2081 2507 peri·

438 2521 602 2565 phrasin
636 2521 775 2558 scholii
805 2523 1033 2558 Donatiani.

307 2582 384 2618 328
443 2582 461 2617 1
513 2582 570 2618 sic
623 2584 786 2619 nuntiat
840 2586 885 2619 ut
937 2584 1081 2620 ultima
1122 2585 1258 2629 peiora
1301 2585 1463 2621 sint...
1506 2587 1530 2622 4
1573 2586 1719 2631 repetit
1761 2587 1901 2622 eadem
1943 2586 2078 2622 verba.

441 2643 599 2680 Scholia
651 2654 817 2689 prorsus
867 2646 1014 2681 similia
1056 2646 1308 2691 compilatori
1352 2647 1485 2683 deberi
1529 2650 1645 2692 putat
1688 2648 1936 2699 Wessnorus
1979 2647 2081 2688 (vide

442 2715 566 2750 supra
595 2716 630 2750 p.
662 2706 719 2741 111
751 2713 839 2751 sq.).

308 2767 384 2802 454
438 2765 462 2802 3
505 2766 587 2802 ‘Sic’
630 2769 810 2802 δεικτικὸν
853 2770 927 2803 est.
971 2769 995 2803 4
1041 2771 1159 2804 ...et
1201 2771 1264 2804 est
1305 2770 1387 2805 ‘sic'
1428 2772 1622 2815 δεικτικόν,
1663 2772 1824 2815 gestum
1863 2770 2077 2807 continens

439 2828 670 2864 levissimae
699 2829 866 2873 (corrige
892 2834 1035 2871 -mum)
1061 2833 1102 2866 et
1126 2841 1276 2875 parvae
1291 2832 1617 2876 significationis.
1673 2832 1856 2869 Alterum
1874 2841 1926 2868 ex
1939 2831 2078 2868 altero.

307 2890 381 2926 507
438 2890 461 2926 5
505 2889 767 2926 ‘defunctum’
806 2890 980 2928 finitum„
1020 2892 1055 2926 id
1094 2895 1179 2928 est:
1221 2894 1265 2928 ut
1305 2903 1385 2929 non
1417 2894 1553 2938 peiora
1581 2894 1825 2932 committat.
1855 2893 1878 2930 6
1907 2893 2076 2929 ‘defunc-

439 2952 541 2987 tum’
570 2951 744 2993 finitum,
776 2952 850 2987 hoc
877 2954 962 2988 est:
995 2963 1044 2988 ne
1075 2953 1244 2989 ulterius
1274 2957 1408 2998 peccet
1441 2956 1679 2991 Aeschinus.
1710 2955 1810 2991 Vide
1839 2955 1928 2991 adn.

357 3116 380 3156 ¹)
409 3115 487 3151 Hoc
514 3128 589 3151 non
615 3118 779 3161 praesto,
803 3115 946 3152 nullum
972 3116 1087 3153 huius
1112 3119 1263 3162 generis
1287 3119 1472 3155 scholium
1498 3132 1555 3155 me
1583 3119 1741 3164 fugisse.

2215 3122 2235 3255 :new-2*
2217 2945 2232 3090 “ox-:vso
2220 2858 2231 2910 ‚mv
2224 2795 2231 2822 -„
2229 2563 2232 2565 ,
2227 2500 2234 2530 ,,
2228 2446 2229 2451 Α
2202 2398 2210 2412 '⁴
2223 2366 2226 2371 .
