2242 3443
311 1716 359 1751 76

309 2131 357 2167 78

308 2295 357 2331 79

310 2449 355 2484 77

310 2702 359 2737 79

310 2947 355 2982 81

1155 233 1203 268 14

426 358 494 393 est
539 354 804 393 differentia:
855 355 920 392 est
967 355 1081 392 enim
1131 354 1345 393 duriter
1393 354 1487 392 sine
1534 363 1667 392 sensu
1709 352 1889 401 laboris,
1934 354 2067 394 dure

426 433 573 469 autem
609 430 861 476 crudeliter;
895 429 998 467 illud
1028 429 1078 467 ad
1108 429 1322 478 laborem,
1353 430 1433 468 hoc
1452 439 1499 467 ac
1523 428 1759 467 saevitiam
1778 429 1966 468 relatum
1985 431 2067 468 est.

601 522 621 555 2
665 531 820 555 munim
862 531 964 555 imno
1009 530 1153 556 PUDICE
1192 531 1226 555 V.
1268 521 1368 556 bene
1408 519 1543 564 ‘haec',
1575 519 1691 563 quasi
1720 520 1842 556 dicat:
1873 520 1939 556 illa
1966 529 2068 564 quae

544 577 678 610 vom-ta
716 577 789 610 est.
837 577 857 609 4
902 575 975 610 Sed
1008 575 1129 610 dure
1172 574 1210 610 in
1255 574 1447 617 alterum,
1493 573 1695 610 duriter
1732 574 1772 609 in
1810 583 1884 610 nos
1923 573 2066 618 aliquid

546 629 723 667 facimus.

499 728 513 763 ]
554 735 672 763 LANA
699 736 748 763 ΕΤ
776 736 885 762 TELA
910 734 1074 763 VICTUM
1101 733 1139 768 Q.
1167 723 1470 772 subdistingue
1497 722 1611 762 ‘tela'
1639 722 1738 763 finis
1765 724 1880 763 enim
1909 723 2071 763 laboris

425 805 490 840 est
525 801 703 840 ‘victum
738 801 1019 849 quaeritans’,
1055 803 1102 838 ut
1135 800 1353 848 Vergilius
1386 799 1502 838 ‘cum
1529 799 1695 838 femina
1721 799 1926 848 primum’
1953 801 2070 840 (cett.

424 880 528 917 Aen.
563 878 601 916 8.
637 878 721 916 408
760 879 868 924 sqq.)
901 879 942 915 et
976 877 1127 915 deinde
1159 875 1290 915 finem
1323 876 1489 915 laboris
1520 876 1682 915 intulit.
1717 876 1740 913 2
1769 875 1863 914 Non
1892 875 2068 915 ‘cibum’

424 955 497 993 sed
532 954 726 992 ‘victum‘
760 954 885 1001 dixit,
922 952 1042 991 cibus
1071 954 1139 991 est
1165 953 1303 1000 enim,
1335 952 1406 999 qui
1435 952 1567 991 etiam
1595 951 1794 991 delicatis
1821 951 2068 1001 praebetur,

426 1031 567 1069 victus
607 1030 649 1067 in
694 1029 838 1077 parvis
882 1029 1100 1077 aridisque
1144 1028 1367 1067 alimoniis
1405 1030 1472 1067 est
1510 1028 1794 1077 constitutus,
1829 1028 1943 1067 unde
1969 1027 2063 1066 Ver-

423 1106 554 1155 gilius
596 1104 776 1143 ‘victum
821 1104 1040 1143 infelicem
1085 1104 1124 1143 b.
1168 1104 1195 1143 l.
1231 1115 1264 1143 c.
1310 1105 1348 1143 d.
1384 1100 1427 1144 r.’
1469 1104 1593 1148 (Aen.
1628 1104 1692 1142 III
1725 1098 1850 1152 649);
1883 1104 1909 1143 3
1941 1108 1996 1150 (a)
2028 1104 2072 1143 et

422 1192 507 1221 non
556 1181 796 1229 ‘quaerens’
835 1180 909 1219 sed
954 1180 1234 1228 ‘quaeritans’
1279 1181 1409 1229 dixit,
1455 1180 1686 1229 quaerit
1729 1179 1876 1219 ‘enim’
1910 1179 1983 1228 qui
2016 1179 2069 1218 ad

426 1257 601 1306 plenum
645 1259 686 1295 et
728 1258 990 1305 pepertuum
1034 1257 1225 1306 reponit,
1265 1258 1574 1306 quaeritat,
1610 1257 1683 1305 qui
1717 1256 1790 1295 vix
1824 1256 1980 1295 cotidie
2010 1257 2069 1295 in—

425 1334 633 1382 quirendo
662 1333 826 1371 victum
856 1333 1036 1371 invenit.
1066 1334 1091 1371 4
1121 1344 1242 1372 LANA
1266 1344 1342 1372 nsi·
1360 1345 1396 1372 T.
1417 1344 1456 1373 V.
1476 1343 1513 1378 Q.
1534 1332 1784 1382 artificiose,
1806 1333 1854 1371 ut
1871 1332 2071 1371 videatur

425 1410 578 1459 pudice
609 1409 721 1457 apud
752 1418 849 1446 eam
882 1409 1026 1447 futura
1059 1411 1201 1449 mater
1230 1409 1426 1449 familias
1451 1410 1575 1449 educi
1601 1419 1748 1458 posse,
1776 1418 1908 1456 quam
1935 1418 2070 1447 mere-

426 1486 578 1525 tricem
611 1485 852 1523 necessitas
883 1485 998 1524 fecit.

602 1560 623 1594 3
662 1570 685 1595 a
714 1557 736 1581 *
761 1559 809 1595 Et
837 1562 928 1603 post
957 1562 1119 1595 tantum
1148 1560 1324 1596 laborem
1360 1560 1540 1596 ‘victum'
1580 1570 1662 1595 non
1702 1558 1859 1596 ‘cibum’
1895 1559 1995 1595 dixit
2023 1561 2070 1596 ut

545 1614 742 1657 Vergilius
772 1614 830 1649 ‘ut
859 1614 1016 1658 patiens
1046 1624 1211 1658 operum
1240 1624 1444 1659 parvoque
1473 1614 1652 1650 assueta'
1683 1613 1743 1657 (Gr.
1774 1613 1811 1649 2.
1841 1613 1947 1657 472).

489 1720 567 1748 SED
604 1720 831 1755 POSTQUAM
875 1724 916 1749 A.
967 1711 1197 1750 Amator
1223 1709 1330 1760 fingi
1363 1713 1530 1760 potest,
1565 1720 1759 1749 amans
1800 1720 1902 1750 vere
1935 1713 2070 1750 amat.

490 1804 508 1840 1
542 1813 658 1841 nnus
690 1813 741 1841 ΕΤ
774 1813 877 1841 mm
909 1813 1052 1841 ALTER
1083 1805 1255 1851 praeter
1287 1803 1370 1842 duo
1405 1813 1560 1853 unum,
1590 1813 1646 1842 ex
1673 1802 1832 1850 quibus
1859 1801 1989 1852 alter,
2023 1804 2072 1841 ut

425 1879 514 1918 sint
546 1882 656 1928 tres,
689 1888 792 1917 nam
827 1878 885 1916 ‘hi
918 1882 1006 1919 tres
1039 1879 1174 1918 simul
1206 1880 1257 1918 o.’
1290 1880 1345 1919 (v.
1379 1879 1469 1928 87),
1503 1881 1553 1918 ut
1584 1878 1709 1918 ‘alter
1741 1878 1794 1918 ab
1822 1869 2068 1917 undecim&

427 1955 567 2003 (Verg.
599 1954 687 1993 Ecl.
721 1955 760 1993 8.
795 1955 879 1997 39).

600 2030 621 2064 2
652 2029 754 2073 Ergo
784 2030 910 2065 ‘aiter'
939 2038 1019 2065 non
1048 2030 1112 2065 est
1141 2030 1343 2066 secundus
1373 2030 1443 2065 sed
1471 2029 1631 2065 tertius.

490 2136 695 2164 Pssocmvn
723 2135 782 2164 AD
814 2135 1043 2163 LIBIDINEM
1077 2124 1296 2174 ‘proclive’
1323 2127 1390 2165 est
1423 2134 1549 2174 porro
1580 2124 1857 2164 inclinatum.
1889 2125 1943 2165 (α)

601 2209 624 2233 α
653 2199 725 2234 Vel
754 2208 924 2243 pronum
954 2199 1281 2244 inclinatumque.

629 2294 645 2329 1
677 2303 839 2329 Aeonem
868 2303 1134 2330 conmcmNEM
1165 2304 1256 2330 cum
1286 2304 1384 2339 uno,
1411 2303 1625 2336 omiserim
1650 2303 1685 2329 o.
1711 2303 1803 2329 cum
1826 2292 1966 2339 altero,
1991 2292 2067 2328 hoc

548 2348 609 2383 est
638 2357 727 2383 cum
758 2347 910 2385 multis.
1643 2346 1646 2348 ’

485 2445 510 2482 3
544 2454 617 2482 ITA
649 2454 704 2482 UT
738 2454 955 2482 memmii
987 2455 1062 2483 EST
1094 2455 1268 2484 ommim
1295 2454 1505 2484 HOMINUM
1532 2445 1697 2493 quanta
1724 2443 1918 2483 defensio
1935 2441 2064 2492 Chry-

427 2520 554 2569 sidis,
586 2522 636 2558 ut
667 2530 775 2567 quae
807 2523 935 2558 antea
966 2521 1134 2571 fecerit,
1167 2522 1305 2569 ipsius
1337 2522 1444 2570 sint,
1476 2531 1586 2569 quae
1618 2522 1772 2569 postea
1800 2519 2066 2568 peccaverit,

426 2597 608 2634 naturae
639 2595 865 2633 hominum
898 2596 1222 2635 adscribantur!

496 2697 520 2734 2
563 2706 853 2736 connrcronnm
896 2698 1152 2737 condicio
1195 2700 1262 2737 est
1303 2708 1403 2737 cum
1446 2708 1552 2748 uno,
1585 2699 1751 2737 certam
1783 2697 1926 2746 legem
1949 2697 1994 2736 in
2017 2706 2065 2736 se

425 2773 675 2820 continens;
711 2772 955 2821 ‘postquam
989 2774 1182 2812 excessit
1213 2770 1351 2823 alter',
1381 2775 1464 2813 hoc
1491 2776 1558 2813 est
1585 2773 1756 2823 plures,
1786 2775 2062 2821 quaestus

424 2847 512 2886 iam
545 2848 820 2887 meretricius
853 2848 996 2886 factus
1030 2850 1107 2887 est.

490 2942 509 2978 1
544 2950 800 2980 PERDUXERE
832 2950 959 2979 ILLUC
990 2951 1130 2979 εΕοσΜ
1162 2942 1353 2980 invitum
1387 2943 1475 2981 isse
1508 2942 1786 2991 Pamphilum
1831 2942 1899 2980 his
1917 2940 2063 2980 verbis

428 3016 668 3064 significat:
721 3016 1104 3064 perducuntur
1152 3017 1269 3055 enim
1319 3019 1584 3057 necessitate
1635 3018 1776 3057 coacti
1823 3020 1900 3065 (α);
1950 3017 1974 3055 2
2018 3017 2063 3055 et

430 3093 508 3131 hoc
549 3094 617 3130 est
657 3091 769 3138 quod
812 3102 943 3140 supra
984 3096 1038 3135 (v.
1083 3093 1153 3136 63)
1193 3093 1256 3131 ait
1295 3092 1375 3131 ‘his
1408 3103 1454 3132 se
1488 3093 1664 3142 dedere,
1697 3103 1849 3132 eorum
1880 3092 2060 3140 obsequi

2216 803 2231 879 m<-
