2242 3443
169 665 246 700 218

169 1060 247 1096 219

173 1509 249 1544 220

179 1761 250 1798 221

1026 225 1079 262 31

313 348 487 387 etiarnsi
531 347 664 393 mala,
699 348 847 385 tamen
881 347 1153 385 admiramur
1186 350 1228 385 et
1260 348 1446 385 libenter
1478 348 1694 387 audimus.
1727 349 1779 391 (α)
1812 349 1835 385 2
1871 349 1917 386 Et

317 433 554 462 AUDACAIM
597 422 765 471 proprie
803 421 931 469 dixit,
966 426 1015 460 ut
1045 423 1088 461 in
1121 423 1329 461 Eunucho
1364 421 1604 461 ‘audaciam
1639 424 1921 462 meretricum

315 500 480 547 specta'
513 500 570 539 (V.
605 497 723 550 994).

490 573 508 607 1
539 582 564 607 α
591 573 631 607 et
660 571 735 607 hoc
765 571 954 615 ‘pretium
983 572 1045 607 est
1076 572 1245 615 operae',
1276 572 1313 607 id
1341 573 1403 607 est
1434 572 1625 607 audiendi.

376 670 470 698 ΝΛΜ
502 669 699 697 INCEPTIO
730 669 805 697 EST
837 669 1072 697 AMENTIUM
1104 669 1229 697 HAUD
1255 670 1493 698 AMANTIUM
1520 660 1725 698 amabant
1754 662 1923 698 veteres

316 737 367 775 de
414 735 614 784 proximo
661 734 827 772 similia
869 734 1032 783 dicere,
1076 736 1126 773 ut
1168 734 1315 773 Cicero
1361 734 1522 773 ‘minus
1556 735 1721 773 clarum
1756 736 1925 782 putavit

316 811 426 860 fore,
484 809 718 858 <quod>
773 810 825 848 de
883 810 1072 848 armario
1120 820 1249 857 quam
1284 811 1395 857 quod
1442 810 1493 848 de
1540 811 1727 849 sacrario
1769 811 1925 849 fuisset

316 887 527 926 ablatum'
572 886 694 931 (Verr
725 886 767 924 Π
799 886 838 924 4.
876 886 945 925 27)
979 887 1021 923 et
1053 886 1229 933 quidem
1263 886 1300 924 si
1336 887 1378 924 in
1413 886 1558 925 verbis
1591 889 1695 924 sunt
1724 890 1923 936 παρόμοια

315 963 538 1012 dicuntur,
571 962 730 1009 <si>
761 962 804 999 in
839 961 1090 1001 nominibus
1123 962 1429 1011 παρονομασίαι.

383 1056 403 1093 1
449 1065 652 1100 QUICQUID
686 1064 939 1092 PEPERISSET
974 1054 1183 1092 maiorem
1218 1054 1606 1102 reprehensionem
1639 1055 1764 1092 sonat
1798 1053 1922 1101 ‘quic-

318 1131 419 1179 quid
462 1131 741 1180 peperisset’:
785 1130 953 1178 paritur
995 1130 1112 1168 enim
1156 1132 1230 1168 aut
1273 1140 1370 1168 mas
1412 1131 1489 1168 aut
1528 1129 1707 1178 femina,
1743 1132 1786 1168 et
1817 1130 1927 1168 solet

318 1207 474 1246 iustior
506 1217 638 1246 causa
671 1216 768 1245 esse
800 1205 1003 1254 tollendi,
1038 1206 1074 1243 si
1107 1216 1274 1244 marem
1309 1216 1416 1244 uxor
1449 1206 1634 1254 peperit:
1664 1206 1737 1244 sed
1766 1206 1925 1243 amoris

318 1283 443 1321 nimii
488 1292 571 1320 non
615 1284 683 1320 est
725 1283 986 1330 exspectare
1027 1282 1127 1329 quid
1171 1281 1316 1320 tollas.
1361 1282 1384 1319 2
1429 1291 1631 1326 QUICQUID
1674 1291 1924 1319 PEPERISSET

318 1368 630 1397 DECREVERUNT
662 1368 854 1396 TOLLERE
887 1358 1191 1396 decernere
1224 1359 1292 1396 est
1324 1357 1375 1396 de
1407 1358 1579 1405 magnis
1607 1356 1735 1395 rebus
1761 1358 1924 1395 certam

319 1431 512 1483 proferre
540 1434 826 1482 sententiam,
851 1434 964 1472 unde
994 1434 1127 1472 etiam
1162 1435 1396 1471 senatus
1429 1434 1725 1471 decretum.

495 1509 512 1542 1
543 1507 565 1531 '³‘
594 1518 641 1544 ET
670 1518 847 1544 FINGUNT
877 1517 1072 1550 QUANDAM
1102 1508 1142 1543 et
1172 1508 1400 1551 argumenti
1427 1509 1584 1551 partem
1613 1507 1748 1541 narrat
1777 1507 1815 1541 et
1845 1515 1922 1541 non

442 1562 567 1598 credit
602 1562 752 1598 factum
791 1571 880 1598 esse
919 1563 1021 1605 quod
1050 1561 1159 1606 dicit,
1190 1563 1235 1597 ut
1265 1562 1440 1605 supersit
1469 1562 1592 1597 errori
1620 1561 1742 1596 locus.
1775 1560 1795 1593 2
1826 1559 1846 1582 ²⁴⁴
1874 1559 1925 1595 Et

440 1616 659 1651 ‘fallaciam’
704 1617 745 1651 et
795 1616 1034 1660 ‘quandam',
1078 1617 1123 1650 ut
1165 1625 1236 1651 nec
1275 1614 1503 1651 verisimilis
1542 1615 1595 1649 sit
1633 1614 1718 1658 ipsa
1752 1613 1923 1648 fallacia:

440 1670 567 1706 totius
582 1667 610 1712 1)
641 1670 952 1714 contemptionis
981 1670 1022 1705 et
1050 1668 1228 1704 vilitatis

387 1768 487 1796 FUIT
536 1767 706 1803 QUIDAM
752 1767 858 1796 OLIM
901 1767 1041 1796 SENEX
1081 1766 1313 1795 MERCATOR
1344 1756 1473 1795 modo
1505 1756 1641 1794 totius
1672 1763 1870 1792 summae
1893 1748 1926 1800 2)

322 1835 636 1882 argumentum
669 1833 828 1882 populo
861 1835 1083 1882 narratur,
1114 1833 1189 1871 sed
1216 1834 1264 1871 ut
1291 1834 1429 1870 restet
1456 1831 1615 1878 aliquid
1642 1830 1695 1868 ad
1713 1839 1923 1876 errorem,

323 1908 557 1957 abrogatur
593 1907 712 1948 fides.
747 1909 771 1946 2
804 1919 905 1947 FUIT
938 1919 1108 1953 QUIDAM
1140 1918 1249 1948 oLIM
1281 1917 1419 1949 SENEX
1451 1907 1560 1945 mire
1588 1916 1613 1944 a
1640 1904 1923 1952 diegematico

322 1985 376 2023 ad
407 1985 686 2024 mimeticum
718 1985 894 2023 transit.

394 2062 413 2099 1
448 2071 488 2099 Is
521 2071 634 2100 OBIIT
666 2070 844 2099 MORTEM
876 2060 1001 2109 plene
1035 2060 1164 2108 dixit,
1193 2059 1305 2107 quod
1334 2069 1413 2097 nos
1441 2058 1581 2096 obiit
1607 2058 1806 2102 tantum;
1827 2055 1925 2093 Ver-

322 2137 453 2185 gilius
485 2136 639 2176 ‘morte
671 2136 804 2175 obita’
837 2137 961 2183 (Aen.
998 2136 1064 2174 10.
1100 2136 1213 2174 641).

495 2212 517 2246 2
547 2221 762 2247 οΗΒΥεωΙε
789 2220 950 2246 PATREM
977 2210 1083 2245 fama
1110 2211 1186 2245 est.

388 2301 407 2337 1
442 2309 670 2338 RECEPISSE
703 2309 852 2338 oRBAM
885 2308 1066 2336 PARVAM
1101 2293 1314 2346 ‘parvam'
1349 2296 1459 2335 dixit
1492 2297 1538 2334 ut
1571 2295 1629 2333 sit
1658 2303 1805 2332 verum
1841 2302 1924 2331 non

325 2386 452 2424 posse
485 2386 582 2415 eam
614 2375 743 2414 facile
775 2384 880 2414 suos
913 2383 1163 2422 agnoscere.

497 2450 519 2485 2
550 2459 737 2485 FABULAE
767 2448 869 2484 redit
898 2449 945 2483 ad
975 2447 1263 2484 narrationem.

391 2539 410 2576 1
446 2548 588 2582 ATQUE
630 2547 738 2575 IPSIS
771 2545 1041 2575 COMMENTUM
1072 2545 1110 2573 P.
1145 2532 1306 2581 ‘atque’
1338 2543 1413 2580 pro
1447 2534 1519 2581 at,
1554 2534 1602 2570 ut
1634 2532 1692 2569 sit
1726 2532 1923 2567 tamen.

498 2612 520 2646 2
551 2621 801 2648 COMMENTUM
829 2620 980 2646 PLACET
1008 2609 1110 2653 quod
1140 2607 1520 2651 comminiscuntur,
1548 2605 1726 2649 probant.

393 2701 413 2738 1
449 2710 527 2738 SED
556 2710 683 2738 MYSIS
710 2709 768 2737 AB
795 2709 853 2736 EA
869 2706 1116 2736 EGREDITUR
1133 2693 1364 2745 παρασκευή
1382 2693 1565 2732 alterius
1582 2699 1777 2730 scaenae.
1799 2689 1822 2725 2
1841 2696 1921 2725 EGO

324 2785 431 2813 HINC
468 2786 527 2814 ME
574 2785 633 2813 AD
678 2784 825 2813 FORUM
858 2773 967 2811 nihil
999 2772 1139 2810 adhuc
1173 2771 1341 2808 invenit
1371 2769 1520 2807 Davus
1538 2766 1723 2813 consilii,
1759 2763 1841 2801 nisi
1873 2764 1922 2799 ut

325 2852 508 2899 quaerat
543 2850 824 2899 Pamphilum
858 2849 1135 2895 moneatque.
1170 2847 1195 2884 3
1227 2855 1308 2884 Eoo
1341 2855 1455 2883 CETT.
1491 2842 1689 2880 vultuose
1722 2840 1802 2876 hoc
1830 2847 1919 2884 pro-

228 3028 251 3070 l)
275 3027 346 3062 Pro
372 3028 513 3063 ‘totius’
538 3027 710 3062 Rabbow
735 3028 773 3061 et
800 3026 979 3060 Wessner
1001 3024 1049 3058 ‘in
1073 3025 1153 3058 toto
1178 3022 1258 3056 vis'.

226 3081 252 3123 ²)
278 3080 493 3124 Legendum
519 3080 685 3119 videtum
708 3079 828 3113 totius
852 3088 995 3112 summa
1022 3074 1246 3119 argumenti.
