2242 3443
955 218 1008 255 97

933 454 1029 544 V

966 665 1002 702 1.

104 823 179 859 820
305 818 324 855 1
360 827 482 855 smus
513 826 595 854 IAM
628 826 744 854 οΕΤΤ.
778 816 885 854 haec
917 824 1076 853 scaena
1108 813 1346 852 officiorum
1375 813 1736 862 disceptationem
1765 824 1858 853 con-

251 893 363 931 tinet
399 894 575 941 patrum
618 892 733 930 inter
775 901 821 929 se
865 891 915 929 de
948 890 1086 929 officio
1129 890 1373 927 amicorum
1406 890 1449 927 et
1487 890 1670 937 paterna
1698 890 1860 937 pietate

251 969 550 1007 tractantium.
582 969 606 1006 2
635 978 757 1006 sArrs
783 977 899 1005 GETT.
929 967 1036 1005 haec
1065 966 1199 1004 veluti
1227 966 1441 1013 quaedam
1461 966 1758 1004 controversia
1776 968 1860 1013 est,

250 1055 440 1092 namque
471 1044 730 1082 iniuriarum
763 1054 863 1082 reus
889 1042 1098 1089 fits1m0;
1128 1042 1439 1080 contradicitur
1465 1052 1538 1089 per
1564 1041 1859 1080 coniecturam

252 1121 414 1160 falsum
457 1130 554 1158 esse
594 1119 706 1167 quod
740 1119 945 1167 intendit,
980 1128 1080 1157 cum
1108 1117 1367 1166 Pamphilus
1400 1126 1538 1164 neque
1572 1120 1691 1155 amet
1722 1127 1861 1164 neque

252 1207 308 1236 ex
340 1206 389 1235 eo
421 1195 538 1234 filius
564 1197 695 1234 natus
723 1196 780 1233 sit
807 1195 873 1235 (cf.
905 1205 943 1233 V.
972 1195 1085 1242 836),
1116 1195 1160 1232 et
1186 1193 1417 1231 adhibetur
1444 1193 1657 1232 derivatio
1685 1203 1861 1242 causae,

253 1282 337 1320 qua
375 1272 531 1310 dicitur
562 1271 839 1310 meretricem
870 1270 957 1308 ista
990 1269 1140 1308 omnia
1172 1279 1269 1308 esse
1303 1269 1504 1308 molitam
1539 1269 1590 1307 ad
1620 1268 1863 1307 disturban-

255 1348 332 1387 das
373 1348 562 1396 nuptias.
604 1347 630 1385 4
673 1356 892 1385 SPEGTATA
923 1346 1106 1394 probata
1138 1347 1184 1384 ut
1218 1344 1290 1384 ille
1323 1346 1384 1383 ait
1418 1346 1474 1383 ‘et
1505 1344 1636 1383 rebus
1667 1346 1864 1393 spectata

255 1423 478 1463 iuventus’
510 1423 631 1463 (Aen.
667 1423 706 1461 8.
745 1423 855 1467 151).

426 1497 448 1533 3
479 1506 590 1533 SATIS
615 1497 707 1532 cett.
729 1496 829 1531 bene
850 1496 1073 1539 negaturus
1098 1494 1219 1529 filiam
1242 1496 1390 1539 purgat
1414 1494 1524 1538 prius
1551 1493 1722 1529 officium
1744 1504 1862 1529 suum

375 1552 420 1586 de
447 1551 522 1586 fide
550 1550 740 1595 promissi
766 1552 807 1586 et
821 1549 928 1585 ultro
958 1550 1119 1584 accusat
1148 1549 1246 1593 ipse.

116 1627 189 1664 823
315 1624 334 1661 1
379 1633 489 1661 IMMO
530 1632 638 1660 ENIM
676 1620 820 1660 ‘enirn’
863 1618 1060 1670 παρέλκον
1103 1622 1171 1658 est
1211 1619 1365 1667 figura.
1409 1620 1432 1657 2
1466 1629 1576 1656 JMMO
1610 1629 1716 1657 ENIM
1749 1628 1865 1656 NUNC

259 1709 347 1737 CUM
389 1709 565 1737 MAXIME
611 1708 665 1736 AB
707 1708 758 1735 TE
790 1706 979 1735 POSTULo
1012 1696 1262 1735 renuntiare
1294 1695 1497 1733 affinitati
1529 1694 1757 1733 Chremem
1793 1696 1867 1731 aut

256 1784 410 1823 parum
437 1774 578 1812 adhuc
603 1773 820 1821 intellegit
847 1772 965 1810 Simo
985 1775 1059 1810 aut
1075 1772 1297 1809 subtiliter
1315 1770 1584 1819 dissimulat,
1604 1772 1650 1808 ut
1666 1770 1718 1808 ad
1736 1768 1864 1807 fidem

255 1849 461 1898 promissi
491 1849 719 1888 hominem
753 1847 1001 1897 compellat.

118 1929 192 1966 824
310 1936 365 1964 UT
407 1935 671 1964 BENEFrcIUM
706 1934 865 1963 VERE-is
897 1935 925 1963 1.
961 1922 1146 1962 ‘initum'
1176 1923 1396 1971 coeptum,
1429 1921 1481 1959 ab
1514 1921 1719 1970 ineundo,
1754 1920 1866 1958 unde

261 2003 304 2041 et
336 2002 509 2040 initia
541 2011 709 2049 quoque
743 2000 870 2038 dicta.

119 2082 192 2118 825
317 2088 409 2115 DUM
441 2087 486 2115 ID
518 2086 713 2115 EFFICJAS
746 2085 858 2121 QUOD
890 2085 1013 2113 vEms
1045 2074 1205 2123 legitur
1237 2075 1280 2112 et
1314 2072 1441 2121 ‘quod
1474 2072 1620 2111 lubet'.

119 2157 192 2193 826
312 2163 452 2199 NEQUE
484 2162 639 2191 MODUM
671 2162 786 2190 οΕΤΤ.
821 2152 862 2189 id
896 2153 984 2190 est:
1019 2160 1105 2189 non
1137 2150 1304 2197 cogitas
1332 2150 1408 2187 aut
1435 2150 1648 2195 quantum
1676 2148 1727 2186 de
1754 2148 1867 2186 beni-

29 2248 33 2280 l
261 2230 426 2278 gnitate
459 2229 622 2267 amoris
655 2227 919 2275 exigendum
953 2227 1030 2265 aut
1061 2225 1432 2274 praesumendum
1465 2224 1525 2262 sit
1552 2225 1628 2262 aut
1653 2234 1783 2271 quam
1811 2223 1870 2261 sit

263 2304 533 2354 impossibile
566 2304 679 2352 quod
711 2304 850 2352 petas.

123 2384 194 2421 827
314 2390 530 2419 REMITTAs
562 2390 643 2419 IAM
676 2378 908 2417 ‘remittas’
940 2388 1016 2426 pro
1048 2377 1216 2416 mittas.

125 2460 198 2496 828
320 2457 343 2494 2
384 2466 543 2495 HOMINI
584 2452 951 2493 ADULEscEN'rULo
983 2454 1047 2492 sic
1079 2452 1316 2491 Sallustius
1348 2450 1589 2490 ‘occultans
1621 2461 1668 2489 se
1700 2450 1870 2498 tugurio

33 2500 40 2651 ι
265 2532 462 2571 mulieris
494 2531 692 2570 ancillae’
725 2528 837 2579 (Iug.
873 2530 939 2568 12.
974 2531 1027 2570 5).

439 2607 457 2640 1
487 2615 724 2641 PERPULism
751 2615 806 2639 ME
840 2614 891 2639 UT
919 2613 960 2638 H.
990 2612 1029 2637 A.
1060 2602 1123 2638 hic
1151 2603 1215 2637 est
1244 2602 1331 2637 tota
1358 2600 1572 2637 accusatio.

127 2680 199 2717 830
316 2687 470 2716 FILIAM
488 2687 544 2715 ΠΤ
562 2688 603 2716 D.
622 2687 650 2715 1.
669 2686 703 2715 s.
723 2676 938 2715 invidiose
955 2684 1042 2713 non
1061 2672 1391 2722 ‘promitterem'
1410 2672 1565 2721 inquit,
1583 2671 1656 2710 sed
1677 2670 1867 2718 ‘darem'‚

268 2755 481 2800 quantum
515 2753 560 2791 in
591 2754 634 2791 te
668 2753 750 2791 est.

129 2829 200 2866 832
316 2839 410 2867 DUM
439 2838 518 2867 mis
548 2838 729 2866 anum'r
763 2826 1055 2875 compositum
1088 2834 1163 2873 pro
1196 2822 1386 2871 simplici
1418 2824 1486 2861 est
1520 2820 1707 2861 ‘tetulit'.
1741 2829 1807 2868 (α).

385 2952 401 3004 (
439 2913 463 2938 a
487 2903 527 2937 et
555 2901 695 2946 altius,
724 2910 843 2944 quam
875 2900 986 2936 decet
1013 2897 1209 2934 comicum
1233 2896 1518 2940 characterem,
1542 2896 1688 2932 dictum
1715 2896 1869 2930 videtur

404 2955 449 2991 οἱ
479 2955 585 2998 808»

132 3020 203 3059 834
436 3035 512 3060 PER
536 3034 609 3060 Eoo
634 3034 681 3059 TE
705 3033 803 3059 DEos
826 3032 860 3058 ο.
887 3023 979 3058 cett.
1005 3019 1183 3056 defensio
1208 3029 1278 3064 per
1303 3018 1586 3054 coniecturam.
1613 3019 1660 3053 Et
1674 3019 1736 3053 est
1752 3019 1865 3053 ordo:

387 3088 458 3123 per
483 3080 577 3114 deos
607 3087 675 3113 oro
705 3080 746 3113 te
773 3086 861 3120 ego·

236 3142 389 3177 Karsten,
407 3143 493 3171 Com⁴
512 3142 597 3170 Don.
1748 3137 1764 3162 7
