2242 3443
962 181 1017 219 95

109 311 185 347 799
309 315 369 342 An
402 314 460 342 ME
492 312 601 342 LEGE
628 313 873 341 REDIERUNT
902 314 938 341 B.
968 303 1038 341 hic
1066 304 1131 341 ius
1161 303 1371 341 tractavit
1399 303 1580 341 dicendo
1601 301 1863 350 ‘redierunt’,

253 380 354 427 quia
385 380 429 418 in
461 378 678 418 familiam
711 379 908 427 redeunt,
943 378 980 416 si
1013 388 1098 417 non
1132 380 1198 416 est
1228 378 1354 416 heres
1387 378 1438 415 de
1471 378 1671 426 proximo
1704 380 1778 416 aut
1812 388 1865 416 ex

257 456 543 494 testamento.

112 535 187 573 800
312 541 389 569 sm)
422 539 529 575 Quos
562 541 598 568 P.
632 540 671 568 V.
706 530 1089 578 interrogatio
1125 531 1211 576 est,
1233 529 1299 568 cui
1318 529 1566 568 necessario
1584 529 1869 578 respondetur

258 608 334 645 aut
377 606 546 645 etiam
590 606 666 643 aut
709 615 834 653 non,
879 605 1261 654 percontatio,
1299 605 1367 643 cui
1400 604 1510 642 nihil
1542 605 1716 649 horum,
1752 607 1799 643 ut
1831 606 1867 643 si

257 681 355 729 quis
387 682 524 720 dicat:
567 681 658 719 ubi
699 681 999 720 habitabat
1042 680 1310 728 Chrysis?
1353 680 1544 718 dicatur:
1590 691 1715 719 ecce
1757 681 1867 728 hic;

256 760 309 799 (a)
353 757 485 795 simul
518 757 653 795 etiam
687 757 887 795 modeste
920 757 963 795 et
996 758 1170 794 mature
1204 757 1247 794 et
1279 755 1330 794 de
1364 766 1410 794 se
1443 755 1551 793 nihil
1584 756 1868 804 interrogatu-

260 843 335 871 rus
369 832 511 880 coepit
543 842 567 870 a
600 832 910 870 blandimentis
943 832 1037 871 (scil
1072 830 1299 873 ‘salvete’).

432 915 456 941 a
485 905 837 950 percontatio,
878 907 922 940 ut
952 905 985 940 si
1015 905 1104 948 quis
1134 905 1258 941 dicat:
1289 914 1377 940 cur
1406 904 1722 940 adulterium
1751 914 1868 939 com-

379 959 614 995 misisti?

118 1036 189 1072 801
316 1041 450 1069 ESTNE
491 1041 565 1069 mc
609 1040 730 1069 emmo
763 1041 797 1069 s.
832 1041 867 1070 o.
911 1030 1130 1069 sobrini
1172 1031 1276 1068 sunt
1314 1029 1671 1068 consobrinorum
1705 1027 1782 1067 filii
1818 1051 1868 1056 —

260 1116 363 1144 nam
396 1107 458 1144 sic
492 1106 594 1144 dicit
628 1106 862 1144 Menander
896 1117 970 1153 —-;
1006 1116 1159 1145 verum
1194 1107 1241 1144 ut
1272 1105 1345 1144 alii
1372 1107 1543 1154 putant,
1574 1106 1625 1144 de
1652 1106 1872 1144 sororibus

261 1182 372 1231 nati,
407 1184 456 1220 ut
486 1182 576 1220 sint
608 1181 829 1220 sobrini
861 1182 987 1228 quasi
1020 1181 1284 1220 sororini.

119 1262 192 1298 802
319 1268 342 1296 o
374 1267 503 1296 MYS1s
544 1267 682 1295 SALVE
714 1267 880 1295 SALVUs
913 1267 975 1295 SIs
1007 1267 1042 1296 c.
1078 1256 1243 1296 ‘salvus
1275 1257 1350 1295 sis'
1385 1257 1651 1295 asseveratio
1685 1257 1873 1295 salutan-

263 1333 321 1371 tis
353 1335 438 1383 est,
473 1343 559 1372 non
593 1333 719 1381 quasi
750 1333 992 1382 responsio.

121 1413 195 1449 803
323 1410 344 1447 1
376 1419 482 1448 ITAN
515 1419 697 1448 CHRYsrs
730 1419 824 1447 HEM
856 1419 940 1448 non
975 1419 1092 1448 nunc
1124 1410 1386 1458 interrogat,
1423 1410 1498 1448 sed
1524 1411 1871 1458 commiseratur‚

263 1487 306 1523 et
347 1485 408 1523 ita
448 1485 710 1533 sequebatur
751 1488 799 1523 ut
831 1486 995 1524 diceret
1028 1485 1197 1533 ‘periit’‚
1232 1486 1306 1524 sed
1339 1485 1482 1533 magis
1514 1486 1680 1534 gemitu
1713 1484 1871 1534 signifi·

266 1562 336 1598 cat
366 1560 477 1608 quod
510 1561 659 1599 minus
691 1560 877 1599 dixerat.

435 1636 456 1670 2
486 1645 560 1670 nos
591 1645 742 1676 QUIDEM
770 1645 843 1670 Pon
866 1645 1039 1670 MisERAs
1064 1645 1253 1671 PERDIDIT
1277 1635 1339 1670 hic
1363 1635 1612 1678 intellegitur
1636 1644 1759 1679 supra
1784 1635 1874 1669 sub-

380 1689 622 1725 audiendum
661 1689 817 1735 ‘periit',
853 1699 948 1724 nam
985 1691 1076 1732 πρδς
1099 1690 1142 1724 τὸ
1166 1689 1310 1733 ‘periit'
1337 1689 1435 1724 haec
1460 1689 1642 1734 reposuit
1666 1687 1874 1733 ‘perdidit’.

120 1764 194 1801 804
322 1763 340 1798 1
376 1770 479 1805 QUID
510 1771 589 1799 vos
621 1770 704 1805 QUO
736 1747 872 1799 PAoTo
904 1771 980 1799 Hic
1006 1761 1257 1809 progressio
1284 1761 1504 1808 loquentis
1532 1762 1583 1799 ad
1611 1761 1871 1808 interrogan*

264 1836 382 1876 dum.
414 1838 467 1882 (α)
501 1837 524 1874 2
559 1846 641 1882 Quo
675 1847 712 1875 P.
749 1848 792 1876 H.
826 1835 1090 1885 significatio
1124 1838 1192 1876 est
1223 1836 1556 1885 peregrinantis.
1591 1837 1616 1875 3
1648 1846 1785 1875 NOSNE
1812 1846 1875 1873 src

264 1922 317 1951 υτ
359 1921 523 1957 QUIMUS
565 1922 608 1951 A.
644 1911 699 1950 tb—
729 1912 820 1951 ‘sic’
854 1913 1019 1951 nudum
1055 1914 1122 1951 est
1143 1908 1193 1960 1);
1227 1914 1272 1951 et
1304 1913 1372 1951 est
1404 1911 1664 1960 significatio
1701 1911 1876 1959 languo-

263 1988 323 2026 ris
355 1987 582 2026 cuiusdam
614 1990 657 2027 et
689 1987 980 2027 lentitudinis.
1019 1989 1044 2026 4
1078 1999 1141 2027 sm
1172 1999 1227 2027 UT
1260 1997 1424 2033 QmMUS
1455 1999 1570 2027 CETT.
1605 1990 1649 2026 et
1680 1988 1731 2026 ad
1759 1997 1875 2035 prae-

261 2064 398 2102 sentis
429 2065 474 2102 et
501 2064 553 2103 ad
580 2064 844 2112 praeteritae
874 2064 991 2103 vitae
1019 2065 1350 2103 excusationem
1379 2065 1568 2111 pertinet
1594 2064 1678 2102 ista
1704 2073 1877 2111 respon-

262 2139 348 2188 sio,
395 2149 480 2187 qua
527 2142 736 2188 purgatur
779 2140 985 2178 voluntas
1026 2141 1069 2178 in
1113 2142 1301 2188 quaestu
1344 2140 1596 2178 meretricio
1639 2138 1875 2186 Chrysidis.

263 2213 473 2254 Caecilius
515 2215 559 2254 in
601 2215 746 2254 Plocio
791 2214 931 2253 ‘vivas
975 2217 1022 2254 ut
1065 2216 1227 2264 possis,
1273 2216 1444 2263 quando
1488 2216 1639 2262 nequit
1672 2217 1719 2253 ut
1753 2214 1874 2252 velis’

267 2286 407 2339 (Ribb.
440 2291 492 2330 fr.
528 2301 639 2331 com.
677 2292 756 2332 11).

440 2365 458 2399 1
492 2375 514 2398 α
542 2365 579 2400 id
606 2365 689 2400 est:
716 2366 831 2410 puto,
857 2364 1006 2410 inquit,
1033 2365 1135 2408 quod
1161 2364 1227 2400 illa
1252 2364 1385 2409 periit,
1407 2374 1479 2400 vos
1496 2365 1632 2400 autem
1649 2363 1875 2407 quomodo?

127 2437 199 2474 806
327 2437 347 2474 1
382 2445 484 2480 QUID
512 2445 764 2476 GLYGERIUM
791 2446 873 2475 IAM
901 2447 945 2475 H.
975 2446 1009 2475 s.
1040 2436 1244 2475 convenit
1272 2435 1563 2475 hereditatem
1581 2435 1763 2483 petenti,
1784 2444 1874 2472 con-

270 2511 389 2549 venit
419 2511 551 2550 indici
582 2511 743 2551 futuro.

388 2585 461 2674 (312
491 2585 594 2645 Ergo
624 2587 731 2666 rvecte
755 2587 796 2622 et
821 2585 958 2622 ordine
983 2585 1187 2630 quaesivit
1212 2584 1317 2629 ‘quid
1342 2584 1543 2630 Chrysis?
1558 2583 1650 2628 quid
1665 2584 1767 2618 vos?
1784 2582 1876 2625 quid

438 2648 617 2683 ycerium
633 2639 661 2675 .’

130 2710 201 2748 807
326 2709 346 2747 1
384 2719 556 2748 ΠΤῙΝΑΜ
589 2720 701 2749 novo
733 2720 889 2758 genere
923 2709 1253 2758 exoptationem
1285 2720 1360 2758 pro
1393 2709 1626 2757 negatione
1657 2706 1817 2745 intulit.
1852 2706 1876 2743 2

272 2794 392 2822 HAUT
421 2795 662 2824 AUSPICATO
688 2796 776 2824 Huc
803 2796 848 2823 M.
872 2796 916 2824 A.
934 2785 977 2823 id
996 2785 1500 2833 estinauspicatus,
1530 2782 1640 2830 quod
1659 2792 1743 2820 non
1761 2782 1878 2819 esset

272 2860 538 2909 auspicatus,
583 2862 627 2899 et
663 2862 878 2899 usitatum
922 2861 1144 2899 veteribus
1187 2861 1251 2899 sic
1285 2857 1447 2907 dicere,
1483 2858 1519 2896 si
1551 2857 1719 2904 quando
1752 2856 1876 2893 aliter

271 2935 372 2981 quid
403 2937 623 2974 evenisset
654 2946 785 2983 quam
820 2936 995 2974 vellent.

179 3050 201 3093 ¹)
224 3051 504 3097 Interpungitur
526 3058 613 3090 ante
637 3058 675 3090 et
697 3058 784 3100 post
808 3055 895 3090 ‘sic'.
