2242 3443
79 702 150 738 718

79 857 153 892 719

18 1088 20 1095 ’
80 1083 150 1120 721

84 1531 154 1568 722

85 1607 154 1644 721

91 2748 162 2784 723

922 198 1001 236 195

222 326 328 365 sulit
368 326 610 373 honestati;
653 326 764 364 hanc
795 326 941 363 autem
976 334 1153 362 causam
1187 324 1340 371 longae
1373 324 1749 362 sermocinationis
1782 325 1833 363 ad

222 403 301 440 hoc
349 401 514 440 inducit
562 401 720 440 artifex
762 402 905 448 poeta,
951 401 999 438 ut
1040 399 1151 447 apud
1193 409 1347 438 omnes
1388 400 1474 437 iam
1509 402 1674 438 certum
1719 399 1777 437 sit
1811 411 1834 438 a

222 476 414 516 Chaerea
447 477 649 515 vitiatam
682 476 915 524 virginem,
950 485 1004 513 ne
1035 475 1123 513 ullo
1156 484 1299 513 errore
1332 474 1514 512 ulterius
1542 475 1836 523 impediantur

234 552 410 600 nuptiae
444 552 513 590 vel
544 551 645 590 finis
677 550 850 590 fabulae
883 550 1125 589 differatur.

391 627 413 662 3
444 636 535 662 ALIO
564 635 688 661 PACTO
712 634 893 661 ΗΟΝΕ8ΤΕ
918 624 1025 659 nullo
1051 623 1126 660 alio
1153 623 1300 659 scilicet
1326 623 1403 658 nisi
1429 633 1499 667 per
1513 623 1615 659 hanc
1629 622 1832 659 fallaciam.

278 707 557 736 PARMENONIS
588 707 721 735 isrAM
752 706 843 735 soro
876 705 976 734 Ε88Ε
1009 705 1131 740 QUAM
1159 706 1218 733 ΜΕ
1247 704 1404 732 VIVERE
1432 695 1554 732 deest
1584 694 1765 743 ‘magis’‚
1787 698 1834 733 ut

223 774 303 812 sit:
337 774 479 822 magis
512 774 601 812 scio
634 783 763 821 quam
798 781 868 810 me
900 772 1061 810 vivere.

280 860 499 889 INVENIAM
541 860 673 888 nomi:
716 859 794 887 Por,
827 858 974 886 PAREM
1007 848 1076 885 hic
1108 848 1197 885 iam
1229 848 1520 896 προοικονομία
1554 846 1605 884 ad
1638 846 1832 885 futurum

223 927 391 966 exitum
425 925 596 964 fabulae
629 926 713 973 est,
743 934 846 962 nam
875 923 976 962 dum
1005 933 1052 961 se
1080 922 1306 961 ulciscitur
1331 922 1530 971 Pythias,
1560 921 1607 960 fit
1626 923 1832 962 indicium

221 1002 335 1050 patri
367 1001 584 1041 Chaereae
616 1002 660 1040 et
691 999 1005 1039 confirmantur
1037 999 1226 1047 nuptiae.

284 1079 304 1116 1
338 1087 490 1117 UTRUM
522 1086 756 1116 TACEAMNE
788 1087 848 1114 AN
882 1085 1129 1113 PRAEDICEM
1160 1075 1341 1113 tertium
1375 1071 1586 1123 παρέλκον,
1621 1077 1674 1119 (a)
1710 1076 1733 1113 2
1762 1078 1837 1114 aut

224 1155 341 1192 certe
381 1152 544 1201 <τὸ>
579 1151 685 1202 ἑξῆς,
717 1154 764 1191 ut
797 1152 855 1191 sit
885 1150 1025 1200 figura
1056 1155 1206 1200 τμῆσις.
1242 1150 1265 1188 3
1299 1160 1354 1188 TU
1387 1161 1464 1189 Pon
1498 1160 1537 1188 81
1569 1161 1691 1189 SAPIS
1725 1161 1834 1195 QUOD

224 1240 312 1268 8018
348 1240 495 1268 11118018
537 1239 622 1268 non
663 1237 898 1277 possumus
941 1227 1128 1276 nescire,
1163 1226 1274 1273 quod
1308 1226 1498 1274 scimus;
1532 1226 1606 1265 sed
1638 1227 1701 1265 ita
1733 1237 1838 1265 sane

224 1305 466 1344 ‘concordia
498 1305 676 1344 discors'
711 1304 828 1345 (Hor.
862 1303 936 1352 Ep.
976 1305 1010 1341 1.
1044 1303 1111 1343 12.
1143 1303 1209 1340 19.
1240 1302 1400 1341 Lucan.
1436 1304 1471 1340 1.
1501 1302 1590 1351 98),
1620 1302 1837 1350 Vergilius

225 1380 522 1429 ‘sequiturque
554 1380 827 1429 sequentem’
861 1379 983 1420 (Aen.
1022 1380 1088 1418 11.
1123 1379 1238 1423 695).

400 1456 418 1491 1
452 1465 475 1489 α
503 1455 680 1490 abundat
710 1454 817 1491 enirn
846 1455 916 1489 aut
949 1453 1112 1489 ‘utrum'
1144 1454 1213 1488 aut
1240 1453 1344 1488 ‘me’.

289 1528 307 1565 1
342 1537 396 1565 DE
428 1536 633 1565 EUNUCHO
666 1526 779 1574 quod
812 1525 956 1564 fuerit.

284 1605 309 1642 4
353 1614 409 1642 ΤΠ
450 1613 528 1642 POL
572 1613 606 1642 s.
650 1613 684 1641 s.
729 1611 766 1647 Q.
809 1612 844 1641 S.
883 1612 924 1640 N.
960 1601 1204 1649 videamus,
1240 1611 1314 1639 cur
1347 1600 1456 1639 nolit
1487 1603 1615 1649 poeta
1647 1601 1697 1639 de
1731 1601 1836 1640 vitio

224 1679 407 1728 virginis
434 1679 639 1718 continuo
666 1679 778 1718 scire
804 1677 1026 1716 Thaidem.
1056 1677 1216 1715 Utrum
1245 1687 1299 1715 ne
1321 1677 1560 1725 improviso
1578 1677 1694 1716 malo
1712 1677 1836 1716 vehe-

223 1756 417 1794 mentius
464 1756 798 1794 commoveatur
841 1764 891 1793 ac
933 1753 1109 1792 doleat?
1153 1763 1207 1791 an
1250 1754 1297 1791 ut
1337 1763 1393 1791 ex
1425 1752 1620 1791 eiusdem
1654 1753 1837 1801 virginis

225 1831 377 1870 habitu
419 1830 627 1879 vultuque
668 1830 754 1869 ista
790 1831 1044 1878 cognoscat,
1078 1828 1190 1876 quod
1226 1830 1295 1867 est
1326 1828 1584 1867 actuosius?
1616 1838 1688 1877 an,
1723 1829 1835 1876 quod

227 1907 477 1956 proximum
511 1917 613 1945 vero
642 1907 726 1954 est„
757 1907 806 1944 ut
827 1905 949 1944 illam
978 1906 1021 1944 et
1048 1904 1181 1943 Thais
1207 1906 1251 1943 et
1277 1904 1412 1943 frater
1439 1905 1690 1952 ignorantes
1716 1905 1837 1943 vitia-

225 1987 318 2023 tam
366 1983 609 2022 animosius
655 1981 891 2021 adversum
939 1981 1128 2020 militem
1176 1980 1413 2019 defendant
1460 1981 1693 2028 repetitum
1742 1990 1838 2019 eam

227 2060 475 2099 venientem
506 2068 606 2098 cum
634 2059 757 2097 tanto
784 2057 969 2105 strepitu
999 2067 1048 2095 ac
1076 2057 1241 2095 minis?
1268 2055 1380 2095 Nam
1409 2065 1492 2104 quo
1518 2066 1590 2094 ore
1611 2058 1838 2104 praeterea

226 2136 385 2175 diceret
412 2134 545 2173 Thais
572 2133 793 2173 Chremeti
820 2133 871 2172 de
898 2133 1060 2171 sororis
1086 2132 1248 2181 pudore
1275 2132 1462 2171 sollicito
1491 2131 1686 2171 ‘educata
1711 2133 1774 2170 ita
1790 2134 1839 2170 ut

221 2218 350 2260 teque
380 2211 540 2259 illaque
572 2211 753 2258 dignum
787 2210 883 2257 est’,
918 2209 955 2247 si
987 2209 1118 2247 sciret
1149 2207 1271 2246 illam
1306 2208 1519 2256 virginem
1552 2218 1637 2247 non
1671 2208 1798 2246 esse?

285 2289 322 2336 3,
354 2297 466 2332 ouon
510 2297 598 2325 8018
636 2295 783 2324 neseis
814 2295 868 2323 DE
900 2294 1104 2323 EUNUCHO
1148 2284 1191 2322 in
1224 2283 1725 2322 Heautontimorumeno
1759 2282 1839 2321 ‘ne-

222 2364 309 2403 scis
341 2363 453 2411 quod
485 2363 591 2410 scis,
624 2361 803 2410 Dromo,
838 2361 876 2399 si
908 2360 1040 2408 sapis'
1072 2360 1129 2399 (v.
1165 2359 1282 2406 748);
1319 2364 1362 2398 et
1393 2359 1474 2398 hoc
1506 2361 1575 2398 est
1590 2359 1702 2407 quod
1719 2357 1837 2396 κακό-

230 2440 346 2490 ζηλον
377 2439 548 2478 dicitur.

400 2514 423 2548 2
449 2523 500 2549 DE
528 2521 718 2548 EUNUOHO
745 2512 849 2555 quod
879 2511 1055 2547 Chaerea
1083 2511 1155 2554 sit,
1185 2519 1265 2545 non
1295 2510 1518 2545 eunuchus.
1549 2510 1570 2543 4
1601 2518 1705 2551 QUOD
1736 2518 1767 2544 s.
1797 2517 1835 2543 Ν.

348 2566 596 2612 proverbiale
624 2568 687 2602 est
717 2567 757 2601 et
786 2565 961 2601 multum
991 2565 1095 2609 apud
1124 2566 1372 2605 διαλεκτικούς
1401 2564 1640 2607 tractatum,
1665 2565 1709 2598 ut
1727 2562 1835 2598 ‘facio

346 2623 387 2657 et
414 2630 494 2657 non
523 2620 634 2656 facio’
664 2622 705 2656 et
735 2620 898 2655 ‘amicus
930 2629 1020 2654 sum
1046 2620 1087 2653 et
1109 2627 1190 2652 non
1216 2618 1319 2653 sum'
1347 2620 1387 2652 et
1411 2616 1539 2652 ‘audio
1556 2619 1593 2652 et
1611 2626 1688 2651 non
1706 2616 1834 2652 audio'

346 2676 387 2711 et
410 2677 543 2719 cetera
565 2673 809 2710 huiusmodi.
836 2675 858 2709 5
884 2683 935 2708 DE
959 2682 1065 2707 Virro
1091 2680 1266 2706 vmorms
1282 2671 1478 2714 quodiam
1495 2670 1637 2706 mulier
1652 2670 1756 2705 facta
1771 2669 1836 2705 sit.

292 2747 310 2784 1
345 2756 433 2784 HAG
465 2756 519 2784 RE
550 2756 601 2784 m·
633 2755 684 2783 TE
717 2755 825 2784 omn
857 2754 1002 2782 TURBA
1034 2752 1224 2781 Evotvns
1256 2752 1387 2781 causa
1413 2742 1612 2789 quaesita
1637 2751 1711 2779 cur
1737 2742 1836 2779 ante

232 2821 420 2870 iurgium
452 2832 550 2860 cum
583 2821 724 2860 milite
755 2820 889 2859 Thais
920 2820 1089 2858 nesciat
1121 2818 1321 2856 vitiatam
1354 2817 1582 2865 virginem.
1617 2817 1640 2854 2
1673 2827 1724 2854 ΕΤ
1750 2826 1836 2854 1LL1

232 2906 412 2935 GRATUM
443 2906 617 2936 ΕΕοΕΕΙε
649 2897 718 2935 0111
749 2896 833 2935 nisi
867 2895 1057 2943 virgini?
1090 2894 1214 2932 cuius
1242 2893 1407 2931 crimen
1435 2894 1481 2932 et
1506 2902 1637 2940 supra
1663 2891 1836 2929 silentio

229 2973 392 3011 texeris
419 2974 676 3020 praesertim
702 2971 896 3010 tacentis>
915 2969 1120 3008 iniuriam
1138 2977 1264 3006 suam
1283 2969 1326 3006 et
1342 2968 1405 3006 sic
1420 2967 1609 3006 dolentis
1625 2967 1835 3005 amissam

198 3035 200 3037 ’
235 3046 550 3095 virginitatem,
580 3048 628 3085 ut
653 3055 732 3085 nec
759 3045 1079 3085 confessionem
1106 3042 1373 3082 calamitatis
1389 3051 1494 3081 suae
1511 3042 1656 3081 subire
1687 3042 1836 3090 possit.
