2242 3443
958 223 1038 262 137

265 358 325 385 AD
358 358 442 386 nos
475 358 584 386 LEGE
616 357 804 386 REDIBAT
837 357 1084 386 Hannon-As
1117 346 1248 385 verbo
1280 347 1388 384 iuris
1420 356 1526 385 usus
1560 348 1650 385 est:
1685 357 1734 386 ea
1762 347 1878 385 enim

264 423 462 471 legitima
494 426 561 463 est
593 423 826 471 hereditas,
860 433 970 471 quae
1002 422 1195 461 familiae
1227 422 1475 461 debebatur.

119 503 195 539 173
328 501 345 536 1
392 509 444 538 Eo
485 509 702 538 AMANTEM
734 499 862 537 modo
895 499 981 537 iam
1016 508 1214 545 uxorem,
1249 508 1334 536 non
1368 498 1484 536 enim
1520 498 1725 536 amicam.
1762 499 1785 535 2
1820 508 1880 536 IN-

265 584 405 613 VITUM
437 585 701 614 PAMPHILUM
732 576 920 613 invitum
949 575 1191 613 recessisse
1220 574 1287 612 vis
1314 573 1434 612 verbi
1463 574 1759 621 demonstrat;
1777 584 1879 612 nam

266 651 435 698 proprie
470 651 774 690 extrudere
807 651 980 699 dicitur,
1009 650 1080 698 qui
1109 649 1314 688 manibus
1341 649 1535 698 expellit,
1562 649 1638 687 sed
1656 649 1726 688 hic
1743 651 1881 687 trans-

266 725 428 765 latione
472 737 578 765 usus
621 729 701 775 est,
746 728 793 765 ut
834 726 1087 765 ostenderet
1128 728 1302 764 tanturn
1347 725 1696 773 importunitatis
1739 725 1885 764 verbis

266 802 386 841 senis
419 802 567 851 fuisse,
601 807 817 851 quantum
850 802 1057 850 impulsio
1091 811 1301 840 manuum
1336 800 1507 840 efficere
1539 801 1769 849 potuisset.

437 876 459 913 3
489 887 694 913 EXTRUDIT
724 877 892 912 verbum
924 876 1196 912 necessitatis.

122 960 194 996 174
325 957 344 994 1
380 966 614 1002 flamivoma*
647 955 828 1008 ἐνάργεια
862 957 1108 1004 praesentis
1141 956 1378 1004 temporis;
1408 955 1568 1003 legitur
1596 957 1638 994 et
1668 950 1884 1003 ‘reliquit'.

267 1032 291 1069 2
339 1041 573 1077 ant-meum
621 1043 709 1071 CUM
751 1043 898 1071 MATRE
941 1043 1015 1071 Hic
1058 1042 1239 1070 UXOREM
1281 1032 1555 1080 praeparatio
1598 1032 1650 1070 ad
1688 1031 1884 1070 futurum

266 1117 473 1146 errorem.
524 1110 549 1147 3
592 1119 688 1147 ΝΛΜ
731 1119 871 1146 SENEX
913 1118 994 1147 Rus
1037 1118 1218 1146 ABDIDIT
1261 1117 1362 1145 SESE
1398 1106 1530 1145 ‘nam'
1564 1107 1634 1146 hic
1666 1107 1886 1155 inceptiva

266 1184 481 1232 particula
519 1186 600 1232 est,
640 1186 689 1223 ut
728 1184 845 1223 ‘nam
882 1194 1008 1222 meus
1047 1193 1286 1222 conservus
1323 1185 1391 1222 est
1426 1183 1557 1222 homo
1594 1183 1709 1221 haud
1736 1183 1886 1231 magni

267 1260 391 1306 preti’
424 1259 611 1298 Plautus
642 1260 685 1297 in
719 1259 856 1298 Milite
889 1260 1078 1308 glorioso
1112 1260 1241 1303 (145).

121 1338 197 1374 175
329 1336 349 1372 1
400 1345 483 1374 RUS
529 1346 709 1374 Assmmr
755 1346 855 1374 SESE
905 1336 1088 1374 verbum
1138 1335 1499 1383 reprehendentis
1553 1345 1719 1384 senem,
1774 1335 1886 1382 quod

269 1410 381 1450 ‘sese
424 1412 602 1451 abdidit'
642 1413 767 1452 dixit.
802 1414 825 1451 2
861 1423 949 1451 Huc
981 1423 1097 1451 RARo
1129 1422 1175 1450 IN
1208 1422 1358 1450 URBEM
1391 1422 1596 1451 COMMEAT
1632 1411 1744 1450 ‘huc’
1778 1411 1887 1450 bene

266 1487 390 1537 dixit,
424 1490 474 1527 ut
505 1489 709 1528 ostendat
742 1489 1062 1528 Parmenonem
1096 1489 1140 1527 in
1174 1488 1279 1527 urbe
1312 1498 1424 1527 esse.
1458 1489 1482 1526 3
1518 1488 1625 1527 Mira
1652 1487 1884 1537 οἰκονομίαῑ

267 1564 335 1603 fac
377 1565 493 1603 enim
532 1567 810 1614 praesentem
845 1567 887 1604 et
920 1565 1066 1604 nullus
1098 1575 1218 1604 error
1250 1565 1293 1603 in
1326 1565 1475 1604 fabula
1507 1566 1587 1603 est.
1622 1566 1647 1602 4
1681 1574 1885 1602 COMMEAT

269 1650 581 1680 commeare
629 1644 697 1680 est
744 1641 899 1680 abesse
946 1641 1060 1689 inde,
1111 1641 1185 1680 ubi
1234 1643 1278 1679 te
1327 1651 1425 1680 esse
1468 1642 1681 1689 oporteat,
1726 1640 1887 1689 quippe

265 1718 616 1756 commeatus
649 1719 715 1756 est
743 1728 797 1756 ex
825 1717 971 1765 aliqua
997 1717 1343 1756 commoratione
1361 1716 1620 1765 temporalis
1639 1717 1887 1755 abscessus,

446 1792 471 1827 4
500 1802 525 1828 α
553 1793 628 1828 hoc
653 1801 748 1836 ergo
773 1792 877 1827 dicto
903 1792 1093 1837 ostendit,
1117 1801 1239 1836 quam
1263 1801 1356 1827 raro
1371 1793 1419 1827 ad
1437 1792 1578 1827 urbem
1597 1792 1730 1828 veniat
1747 1800 1886 1827 senex,

119 1879 195 1916 176
328 1875 347 1912 1
393 1883 497 1918 QUID
539 1883 692 1911 Animo
735 1883 912 1911 HABENT
946 1883 974 1911 1.
1009 1872 1116 1910 bene
1149 1882 1289 1919 usque
1322 1872 1463 1910 adhuc
1495 1880 1711 1919 suspensa
1742 1880 1885 1909 narra-

260 1950 323 1988 tio
355 1950 446 1996 est;
479 1950 524 1987 et
555 1948 598 1986 in
631 1949 712 2003 hac
744 1948 1091 1997 interrogatione
1123 1948 1248 1995 quasi
1281 1947 1671 1986 substomachatur
1703 1943 1889 1984 Philotis

265 2025 459 2073 decepta,
494 2024 608 2072 quod
635 2024 745 2062 nihil
773 2024 919 2063 videat
947 2023 1218 2062 infirmitatis
1244 2023 1288 2062 in
1306 2023 1487 2072 nuptiis,
1508 2022 1622 2070 quod
1641 2023 1886 2071 optaverat.

267 2102 292 2140 2
325 2111 428 2146 QUID
460 2111 612 2139 ADHUC
645 2110 824 2140 HABENT
858 2101 938 2139 hoc
970 2101 1138 2139 tristior
1171 2100 1385 2139 meretrix
1419 2099 1545 2138 dixit.

120 2183 192 2219 177
329 2178 347 2215 1
384 2186 501 2216 NUNC
533 2187 693 2217 AUDOES
726 2177 788 2215 sic
822 2176 885 2215 ait
916 2177 1042 2224 quasi
1074 2176 1332 2215 iamdudum
1369 2175 1518 2214 audire
1551 2174 1759 2223 cupienti.

439 2250 463 2286 2
492 2250 564 2287 Vel
593 2251 640 2286 ad
670 2250 885 2286 molestam
915 2251 1265 2295 percontatricem.

122 2336 197 2372 178
283 2371 287 2378 ,
331 2332 349 2370 1
395 2341 509 2371 BENE:
549 2340 852 2370 coNVEmnBAT
894 2340 1007 2368 SANE
1049 2330 1184 2369 ‘sane’
1227 2330 1336 2369 bene
1380 2339 1456 2378 pro
1499 2328 1742 2376 ‘multum';
1787 2328 1811 2367 2
1845 2329 1889 2367 et

269 2417 384 2446 SANE
415 2407 539 2455 satis,
575 2406 717 2455 valde,
749 2407 852 2453 quia
885 2406 958 2454 qui
990 2416 1141 2455 sanus,
1176 2406 1293 2444 idem
1326 2405 1515 2444 validuS.

123 2486 200 2523 179
327 2493 449 2521 Mnus
480 2493 612 2522 moms
644 2482 771 2521 miris
803 2481 1036 2530 exemplis.

123 2565 199 2601 178
331 2559 356 2597 3
400 2568 583 2597 mmmm
624 2568 745 2597 mnis
777 2568 909 2596 Monrs
942 2567 1088 2596 omssn
1121 2557 1204 2596 huc
1237 2567 1374 2604 usque
1407 2557 1730 2596 Parmenonem
1764 2556 1891 2603 poeta

268 2634 404 2674 verba
444 2645 604 2683 passus
647 2636 716 2673 est
757 2634 901 2673 dicere
942 2635 1090 2672 cetera
1132 2633 1303 2672 actibus
1340 2634 1613 2672 servaturus.
1647 2632 1673 2669 4
1706 2640 1887 2670 mmmm

269 2722 389 2751 mins
430 2722 561 2751 moms
603 2711 713 2750 mire
755 2711 808 2750 ad
840 2709 973 2749 finem
1008 2709 1261 2749 comoediae
1292 2719 1438 2748 rerum
1472 2708 1725 2757 explanatio
1757 2715 1890 2744 reser-

270 2790 412 2838 vatur,
460 2798 653 2836 namque
700 2788 739 2826 si
786 2797 988 2835 quaeraS‚
1037 2785 1207 2824 fallitur
1250 2786 1480 2838 Parmeno,
1524 2795 1623 2824 cum
1666 2793 1752 2822 non
1795 2781 1891 2820 odio

264 2875 417 2905 socrus
470 2865 546 2904 sed
599 2863 760 2913 pudore
814 2863 1091 2901 simultatem
1146 2862 1360 2901 adversus
1407 2871 1583 2901 socrum
1630 2859 1892 2898 Philumena

273 2940 619 2981 assimulaverit.
667 2941 691 2979 5
740 2949 923 2977 ῙΝΤΕΒΙΜ
964 2939 1095 2978 modo
1142 2941 1390 2988 repente,
1441 2939 1485 2977 et
1526 2938 1595 2976 est
1635 2933 1890 2975 adverbium

274 3015 502 3066 temporis.

122 3073 200 3134 180
333 3093 353 3130 1
388 3100 656 3131 ΡοεΤυιΑΤῑο
688 3089 1000 3139 expostulatio,
1035 3089 1226 3138 querela.
1261 3089 1285 3128 2
1314 3088 1396 3128 Sed
1425 3087 1597 3137 proprie
1630 3086 1887 3135 expostu-
