2242 3443
933 165 1018 203 337

30 312 31 315 ,
86 282 162 318 592
243 283 291 318 de
323 292 466 319 versus
496 284 790 327 significatione
819 286 1112 323 dissentiebant
1142 289 1300 324 veteres
1331 299 1402 324 nec
1432 291 1561 327 adhuc
1590 294 1849 329 consentiunt

193 344 436 379 recentiores
476 344 735 388 interpretes.
776 345 989 388 Quaeritur
1027 347 1133 383 sitne
1172 349 1375 392 iungenda
1406 353 1566 393 negatio
1595 353 1632 387 in
1664 355 1850 398 ‘neque’

195 414 285 440 cum
316 405 455 450 ‘alia'‚
485 415 643 442 ancum
674 406 973 450 ‘occupatus
1005 409 1164 444 esset’
1195 412 1370 445 autcum
1401 412 1516 446 ‘tum
1548 424 1662 450 esse
1692 416 1850 451 obiec-

193 467 325 502 tum'.
371 467 468 504 Don.
511 467 551 502 in
594 468 618 503 4
661 467 790 511 planis
836 468 965 503 verbis
1008 470 1170 505 tertiam
1214 471 1412 506 rationem
1452 474 1645 519 sequitur,
1685 477 1851 519 eiusque

192 528 420 564 versionem
463 529 519 564 sic
562 528 774 572 descripsit
818 529 1025 565 Bentleius
1069 531 1115 565 ad
1154 531 1191 565 h.
1223 531 1266 566 l.:
1309 532 1442 567 dolere
1482 534 1713 571 Phaedriam
1753 539 1850 573 adeo

191 591 429 633 occupatam
471 600 562 626 esse
603 590 679 626 alia
722 599 816 625 cura
859 591 1149 635 Antiphonem.
1196 595 1239 627 ut
1277 594 1323 627 de
1361 603 1436 629 suo
1475 595 1548 631 hoc
1587 598 1750 640 negotio
1780 608 1851 634 nec

191 651 370 694 spatium
411 651 614 695 cogitandi
651 660 724 687 nec
761 651 953 687 voluntas
991 652 1044 687 sit
1063 650 1104 695 1).
1144 653 1190 687 In
1223 654 1241 688 1
1271 654 1385 690 valde
1413 656 1580 692 obscure
1609 658 1706 693 haec
1735 661 1851 695 inter-

191 712 364 755 pretatio
403 713 571 758 proponi
608 713 787 748 videtur:
829 713 960 748 dolere
991 713 1241 758 Phaedriam,
1271 716 1387 759 quod,
1417 717 1511 752 dum
1540 719 1628 762 ipse
1656 721 1784 756 adhuc
1813 722 1850 756 in

188 782 327 809 amore
367 775 578 817 laboraret,
624 774 848 818 Antiphoni
890 776 1069 810 amatam
1111 775 1316 819 possidere
1359 777 1439 812 iam
1482 780 1707 823 contigerit.
1745 782 1852 818 Haec

190 836 328 871 autem
357 836 563 872 sententia
591 846 612 871 e
641 835 801 871 Terenti
832 836 964 871 verbis
994 837 1193 879 quomodo
1225 837 1309 873 elici
1333 839 1465 881 possit
1490 849 1568 875 non
1598 842 1728 885 video;
1746 844 1852 879 2ex-

190 897 374 941 cerptum
415 907 508 934 esse
550 898 711 933 videtur
753 907 802 932 ex
844 898 868 933 4
910 897 949 932 in
989 897 1086 933 fine:
1128 898 1230 942 ‘alia,
1268 898 1341 934 hoc
1371 902 1436 935 est
1463 901 1649 945 leviore’;
1679 904 1701 940 3
1732 905 1850 939 nimis

188 958 361 995 absurde
404 959 535 996 locum
577 958 634 994 sic
670 958 871 1002 explicare
911 958 1088 995 videtur:
1129 959 1235 995 dolet
1275 959 1343 994 Ph.
1374 960 1447 996 hoc
1477 963 1627 998 malum
1661 964 1733 999 sibi
1763 966 1848 999 tum

188 1019 391 1056 obiectum
423 1031 528 1065 esse,
553 1030 643 1056 cum
670 1020 848 1063 Antipho
879 1029 981 1055 non
1011 1020 1113 1055 alia
1142 1022 1297 1057 etiam
1327 1025 1538 1065 praeter
1568 1025 1847 1069 hanc,qua1n

189 1081 235 1117 de
265 1082 460 1118 Phaedria
489 1084 614 1127 gerat,
646 1081 914 1117 sollicitudine
941 1083 1052 1117 esset
1081 1085 1311 1126 occupatus.

81 1142 159 1179 525
240 1143 264 1180 3
292 1153 372 1179 non
401 1144 598 1179 mentitur
626 1143 716 1178 leno
746 1144 814 1178 sed
844 1145 1010 1178 versute
1038 1143 1230 1187 loquitur,
1260 1145 1347 1180 vide
1377 1146 1465 1181 adn.
1492 1155 1528 1190 p.
1555 1147 1641 1183 282.
1670 1149 1691 1182 4
1714 1147 1849 1192 inepta

190 1206 446 1249 comparatio.

84 1266 158 1302 567
243 1267 347 1303 rhet.
432 1268 511 1304 590
539 1267 586 1302 cf.
616 1267 692 1303 420
723 1266 753 1301 B
785 1268 818 1302 1.
904 1267 979 1303 592
1012 1267 1057 1302 cf.
1087 1267 1175 1304 292.
1206 1268 1242 1304 2.

83 1328 158 1363 611
246 1330 264 1364 1
306 1330 345 1364 et
383 1329 407 1366 2
440 1339 463 1363 a
499 1329 628 1364 forma
664 1327 809 1372 plure
845 1329 885 1362 et
923 1328 1191 1371 complure
1231 1328 1277 1363 ‘is
1312 1338 1335 1363 a
1369 1328 1503 1364 fiction
1543 1329 1583 1364 of
1618 1330 1686 1364 the
1717 1340 1845 1373 gram·

189 1391 365 1426 marIans
409 1392 450 1426 to
489 1391 660 1426 account
696 1389 756 1425 for
793 1389 987 1433 ‘pluria',
1028 1392 1071 1424 ut
1112 1399 1204 1425 vere
1243 1390 1404 1433 scripsit
1443 1390 1616 1436 Smith,
1654 1392 1771 1426 Arch.
1812 1393 1852 1427 of

187 1451 360 1487 Terence
397 1451 437 1487 in
475 1451 545 1487 the
583 1461 614 1487 c.
647 1451 689 1486 of
723 1451 822 1487 Don.
853 1460 888 1494 p.
920 1451 981 1495 24,
1014 1450 1091 1485 nisi
1122 1452 1226 1494 quod
1256 1460 1328 1494 pro
1357 1451 1499 1494 plurali
1529 1452 1848 1496 ‘grammarians’

185 1512 363 1549 fortasse
397 1523 505 1549 unus
532 1513 595 1548 ille
623 1512 842 1548 scholiasta
871 1512 1183 1547 substituendus
1214 1513 1289 1555 est,
1319 1512 1430 1547 cuius
1461 1512 1575 1548 fictas
1605 1513 1848 1549 differentias

186 1575 341 1620 aliaque
371 1574 568 1611 mirabilia
595 1575 762 1610 inventa
791 1583 912 1617 saepe
942 1573 1180 1609 offendimus
1211 1573 1249 1608 in
1282 1576 1525 1617 commento;
1558 1574 1603 1609 cf.
1634 1584 1729 1610 mox
1759 1576 1846 1619 708,

188 1637 276 1673 768.
307 1636 342 1680 3,
372 1637 461 1674 988.
493 1637 527 1673 3.

82 1697 159 1733 635
241 1699 264 1734 2
293 1698 410 1734 iuxta
434 1699 532 1734 Don.
560 1700 578 1734 1
607 1699 646 1734 et
671 1698 761 1733 inde
785 1697 864 1732 fere
880 1697 1115 1740 confictu1n;
1134 1696 1292 1731 Wessn.
1311 1698 1468 1732 notavit
1486 1698 1842 1740 ‘ergo—verbum'.

187 1758 210 1795 3
239 1760 280 1795 et
303 1760 327 1795 4
354 1760 533 1796 eiusdem
558 1761 698 1803 notae;
725 1759 956 1802 exemplum
980 1758 1210 1793 Plautinum
1235 1757 1376 1793 dubiae
1391 1759 1662 1801 auctoritatis
1681 1758 1840 1794 Wessn.

188 1820 226 1855 in
260 1831 352 1866 app.
382 1821 481 1857 Vide
511 1821 861 1857 Friedlaenderum
893 1821 939 1855 ad
970 1829 1106 1855 cenam
1141 1819 1445 1855 Trimalchionis
1475 1830 1505 1854 c.
1534 1820 1604 1856 62:
1634 1821 1777 1864 ‘coepit
1794 1822 1839 1855 ad

186 1882 311 1918 stelas
339 1883 480 1919 facere'
510 1893 547 1927 p.
580 1883 652 1919 154
683 1884 721 1918 et
751 1883 838 1923 288,
870 1883 935 1916 ubi
964 1881 1058 1916 citat
1088 1880 1207 1924 Apul.
1238 1881 1328 1916 Met.
1357 1881 1392 1916 5.
1423 1881 1467 1917 2:
1500 1882 1630 1924 ‘paulo
1659 1882 1842 1916 fidentior

186 1942 293 1980 intra
320 1944 457 1980 lumen
488 1954 578 1980 sese
608 1944 726 1979 facit'.
753 1943 916 1979 Tertull.
944 1944 989 1977 de
1015 1943 1102 1986 pall.
1130 1942 1171 1978 3:
1201 1943 1259 1977 ‘ad
1285 1941 1396 1976 illum
1423 1951 1473 1976 ex
1500 1943 1621 1985 Libya
1637 1942 1837 1978 Hammon

186 2004 307 2041 facit’.
388 2006 466 2042 639
496 2005 520 2042 2
551 2007 624 2040 An.
656 1995 743 2042 4'10.
775 2006 811 2042 4.
895 2003 972 2040 646
1002 2005 1077 2039 An.
1107 2004 1196 2040 496.
1226 2003 1262 2038 4.

80 2065 157 2101 668
238 2066 262 2102 2
292 2076 316 2101 α
344 2067 490 2111 repetit
518 2066 616 2102 Don.
649 2069 682 2103 1.
711 2069 750 2101 et
779 2066 824 2101 cf.
854 2066 976 2108 Eugr.

79 2126 154 2162 681
237 2128 261 2163 4
303 2129 348 2162 de
379 2128 658 2164 adiunctivo
688 2130 727 2163 et
757 2126 1126 2172 pronuntiativo
1162 2125 1321 2160 Wessn.
1352 2124 1390 2160 in
1420 2135 1509 2169 app.
1540 2127 1579 2160 et
1604 2135 1725 2169 supra
1750 2126 1837 2169 247,

186 2188 274 2225 341.
303 2190 340 2225 4.
371 2193 438 2231 (=
466 2190 748 2225 coniunctivus
778 2190 817 2224 et
846 2187 1114 2229 indicativus).

79 2250 156 2285 696
238 2250 327 2286 vide
371 2252 418 2287 ad
461 2252 548 2288 324.
589 2253 611 2289 6
651 2253 690 2287 et
728 2252 763 2288 7.
803 2251 942 2294 Eugr.:
972 2249 1044 2285 ibit
1071 2249 1111 2284 in
1142 2258 1310 2284 nervum
1341 2248 1415 2283 hoc
1443 2250 1506 2284 est
1535 2248 1574 2283 in
1604 2249 1836 2292 periculum,

186 2311 289 2348 sicut
319 2322 442 2357 supra
468 2317 520 2354 (v.
551 2313 654 2353 324).

79 2371 154 2408 708
236 2363 504 2410 3“ἰηνθι1ωῐ]]
535 2374 670 2409 minus
700 2373 888 2417 lepidum,
920 2373 1054 2407 ortum
1084 2370 1275 2406 nimirum
1305 2380 1357 2406 ex
1388 2370 1678 2405 hariolorum
1707 2370 1838 2406 defini—

184 2434 294 2471 tione
333 2436 461 2480 qualis
498 2435 646 2479 legitur
684 2435 723 2469 in
763 2433 882 2469 Gloss
922 2432 976 2468 VI
1011 2442 1047 2476 p.
1077 2433 1174 2469 512:
1205 2432 1406 2467 ‘dicuntur
1434 2431 1565 2466 insani
1594 2431 1658 2474 qui
1693 2432 1835 2475 spiritu

182 2497 318 2533 nescio
356 2507 435 2541 quo
472 2496 598 2533 inflati
634 2495 902 2532 vaticinantes
940 2494 1043 2530 circa
1079 2503 1169 2529 aras
1209 2495 1249 2529 et
1281 2492 1432 2537 templa
1460 2492 1690 2527 discurrunt
1717 2494 1837 2536 atque

124 2672 148 2714 ¹)
173 2672 368 2710 Bentleius
406 2675 489 2720 ipse
523 2677 633 2720 putat
668 2676 818 2719 poetam
853 2674 922 2708 hoc
965 2672 1148 2708 voluisse:
1188 2672 1425 2716 ‘Indignatur
1462 2671 1658 2710 Phaedria,
1694 2671 1749 2705 vel
1789 2684 1833 2705 ex

76 2725 328 2761 aemulatione
354 2730 390 2762 et
416 2728 559 2763 invidia
584 2729 681 2763 inter
706 2739 816 2772 pares
842 2728 879 2761 et
905 2728 1099 2769 cognatos.
1125 2725 1181 2759 vel
1204 2725 1304 2769 quod
1324 2725 1362 2759 in
1385 2724 1535 2759 miseria
1555 2724 1700 2758 sociise
1714 2724 1833 2766 magis

77 2780 208 2813 curant
239 2781 277 2815 et
306 2780 501 2820 adiuvant,
532 2793 573 2815 se
604 2782 684 2815 tum
715 2780 753 2814 in
778 2778 1035 2813 sollicitudine
1060 2790 1155 2817 esse,
1182 2790 1263 2812 eum
1290 2777 1459 2821 Antipho
1485 2775 1728 2810 beatissimus
1753 2775 1834 2815 sit’;

74 2828 199 2865 iunxit
234 2831 366 2875 igitur:
403 2837 497 2868 ‘cum
531 2834 576 2867 A.
610 2844 686 2866 non
718 2833 924 2875 occupatus
953 2832 1055 2865 esset
1078 2828 1343 2864 sollieitudine’
1368 2831 1405 2863 et
1429 2827 1598 2871 neglexit
1624 2827 1697 2861 lere
1724 2827 1832 2863 ‘alia’.

77 2881 155 2917 Dzi.
190 2895 272 2918 cum
305 2884 497 2928 Wagnero
522 2897 588 2929 pro
614 2883 759 2928 ‘neque’
785 2883 935 2926 scripsit
960 2882 1110 2926 ‘atque’.
1135 2882 1228 2916 Mihi
1254 2881 1348 2915 satis
1372 2880 1496 2925 placet
1521 2879 1729 2913 Slomani
1755 2892 1831 2913 ver-

77 2934 151 2969 sio:
184 2936 271 2971 And
304 2939 342 2972 to
365 2937 477 2972 think
502 2936 542 2970 of
566 2949 628 2980 my
648 2936 763 2979 being
788 2935 1007 2969 confronted
1035 2935 1127 2969 with
1152 2934 1228 2968 this
1253 2933 1398 2968 trouble
1423 2932 1505 2976 just
1529 2931 1635 2965 when
1663 2931 1830 2974 Antipho

82 2986 156 3022 had
191 2988 287 3023 been
325 2988 534 3033 engrossed
568 2988 660 3023 with
695 3000 717 3022 a
751 2986 895 3022 similar
925 2988 1075 3030 (⁴neque
1108 2986 1207 3029 alia')
1240 2984 1417 3027 anxiety'.
1451 2984 1504 3018 Cf.
1529 2983 1664 3017 Mnem.
1688 2984 1741 3018 35.
1765 2983 1832 3017 302

80 3037 213 3079 (=lib.
237 3053 273 3088 p.
299 3041 363 3075 130
386 3042 469 3086 sq.).
830 3038 833 3040 ’

113 3106 275 3136 nasa-lm,
292 3101 382 3130 Com.
399 3102 482 3130 Don.
1673 3094 1721 3123 22·
