2242 3443
293 708 371 745 534

296 1132 373 1169 535

296 1432 374 1469 536

298 1578 376 1615 538

298 1808 376 1845 539

301 2289 379 2326 540

307 2823 383 2860 542

1146 251 1198 287 70

444 374 550 412 tato’
586 373 844 413 adverbium
880 376 966 424 est,
1001 377 1049 414 ut
1081 375 1300 424 Vergilius
1335 383 1398 417 *ac
1431 378 1553 416 velut
1580 381 1728 428 optato
1757 381 1915 420 ventis'
1940 383 2060 426 (Aen.

448 450 513 489 10.
552 451 666 495 405).

617 524 639 559 2
665 528 714 566 (α)
741 534 860 561 ΙυΒΕο
886 535 1001 570 ergo:
1028 527 1132 563 volo.
1160 527 1181 563 3
1210 538 1233 562 α
1258 529 1302 564 ut
1330 528 1529 573 Vergilius
1557 529 1756 574 ‘reddique
1786 530 1868 567 viro
1898 531 2065 576 promis-

563 588 608 613 sa
638 579 842 614 iubebant’
874 581 987 618 (Aen.
1019 581 1054 616 5.
1085 581 1190 623 386).
1223 584 1244 616 4
1274 581 1295 602 *
1326 583 1373 617 Et
1405 586 1726 627 μεταλημπτικῶς,
1756 584 1848 628 quia
1877 585 1943 629 qui
1973 585 2064 622 dicit

563 632 716 677 ‘salve’,
744 633 874 670 iubet:
906 635 1146 671 volumus
1176 646 1281 672 enlm
1313 638 1467 681 animo,
1498 638 1733 674 iubemus
1761 638 1907 676 verbis.

505 707 523 743 1
559 715 747 751 ALIQUOT
780 717 839 744 ME
871 717 1095 745 ADIERUNT
1129 708 1298 755 aliquot
1329 709 1411 747 hoc
1444 712 1512 748 est
1545 720 1625 748 nec
1658 709 1790 749 multi
1817 721 1898 750 nec
1924 711 2064 760 pauci.

443 782 467 819 4
499 791 724 820 ADIERUNT
758 783 820 820 sic
853 782 957 821 alibi
989 783 1174 832 ‘Byrria‚
1209 785 1312 832 quid
1342 785 1422 823 tibi
1449 786 1641 833 videtur⁷
1673 787 1811 825 adeon
1838 787 1892 826 ad
1919 787 2064 827 eum?

441 853 500 908 (v,
544 854 663 909 314).
706 860 730 896 5
774 869 830 896 Ex
868 869 919 896 TE
951 869 1156 898 AUDITUM
1191 864 1236 898 ut
1270 870 1402 908 supra
1437 860 1472 900 ‘e
1504 860 1626 900 Davo
1660 862 1823 901 audivi’
1857 871 1913 909 (v,
1948 863 2064 905 302).

617 932 638 966 2
667 942 715 968 ΕΤ
743 942 952 969 ADmRUNT
981 943 1061 970 non
1091 936 1350 971 accesserunt
1381 935 1473 979 quia
1501 937 1678 972 aditus
1708 938 1859 973 arduus
1888 938 2069 974 difficilis·

559 995 636 1030 que
668 988 742 1022 est.
772 988 796 1022 3
825 997 1034 1023 ADIERUNT
1064 989 1177 1032 quasi
1205 989 1438 1034 importune
1467 992 1507 1025 et
1535 991 1855 1036 interpellantes.
1886 992 1909 1028 6
1937 1003 1991 1028 Ex
2018 1003 2068 1029 TE

562 1050 750 1076 AUDITUM
779 1051 874 1086 ergo
904 1052 985 1078 non
1014 1042 1093 1078 iam
1123 1053 1262 1079 rumor
1291 1044 1360 1079 sed
1390 1044 1552 1080 veritas.

509 1129 529 1166 1
576 1139 620 1167 ID
664 1139 759 1168 v1so
804 1126 874 1168 ‘id'
909 1130 960 1169 ob
989 1131 1051 1180 id,
1087 1132 1110 1170 3
1156 1132 1198 1170 et
1232 1141 1328 1170 VIso
1362 1132 1415 1170 ad
1448 1132 1686 1171 videndum
1721 1134 1865 1173 venio.
1899 1135 1925 1172 4
1954 1144 2069 1173 TUNE

444 1214 506 1243 AN
547 1215 634 1244 ILLI
672 1215 916 1244 INSANIANT
955 1210 1002 1245 tu
1034 1207 1223 1255 insanis,
1259 1208 1295 1246 si
1330 1208 1500 1257 dixisti,
1535 1208 1599 1246 illi
1629 1209 1878 1259 insaniunt,
1912 1210 1950 1249 si
1981 1220 2069 1249 non

446 1280 596 1320 audita
628 1281 835 1320 referunt.

616 1356 638 1391 3
670 1366 758 1392 VIso
790 1357 903 1393 deest
933 1356 1012 1392 ‘te’.

508 1429 527 1467 1
563 1438 795 1468 AUSCULTA
827 1440 983 1468 PAUcrs
1016 1432 1059 1469 et
1091 1441 1231 1479 pauca
1263 1431 1435 1480 legitur.

620 1504 641 1538 2
675 1514 722 1539 ΕΤ
755 1513 850 1546 QUID
878 1514 953 1540 Eoo
983 1515 1031 1540 TE
1062 1515 1182 1541 VELIM
1212 1516 1235 1542 a
1265 1506 1479 1543 docilitate.

511 1577 530 1613 1
576 1585 659 1613 PER
701 1586 752 1614 TE
785 1586 892 1615 DEos
925 1587 1005 1615 0Ro
1039 1578 1166 1616 ordo:
1200 1588 1276 1627 per
1308 1578 1413 1617 deos
1447 1580 1490 1618 te
1523 1589 1619 1627 oro,
1654 1580 1700 1617 ut
1734 1579 1951 1627 Vergilius
1983 1579 2072 1628 ‘per

448 1651 527 1689 has
559 1662 638 1700 ego
666 1653 722 1690 te’
752 1654 875 1693 (Aen.
909 1654 975 1693 12.
1006 1656 1095 1703 56),
1127 1655 1150 1692 2
1181 1666 1232 1694 ET
1261 1665 1466 1693 NOSTRAM
1493 1665 1730 1694 AMICITIAM
1753 1665 1953 1694 CHREMES
1971 1656 2071 1704 legi-

448 1729 519 1766 tur
553 1730 595 1766 et
631 1727 860 1768 ‘Chreme'.

507 1805 527 1842 1
563 1813 678 1849 QUAE
712 1815 898 1845 INGEPTA
931 1818 961 1845 A
990 1818 1149 1847 PARv1s
1179 1818 1267 1847 CUM
1295 1819 1467 1847 AETATE
1495 1808 1606 1847 mire
1635 1808 1696 1847 ait
1724 1808 1910 1861 ‘incepta
1938 1818 2073 1857 apar-

446 1880 516 1919 vis
557 1890 656 1919 cum
699 1883 875 1932 aetate’,
920 1885 967 1922 ut
999 1884 1205 1923 ostendat
1236 1895 1322 1923 non
1355 1895 1493 1933 nuper
1526 1885 1748 1933 cognitam
1769 1881 1797 1930 1)
1831 1885 2072 1923 amicitiam

447 1956 523 1995 sed
568 1957 814 2007 antiquam,
857 1960 907 1997 ut
950 1959 1163 1999 ‘veterem
1206 1961 1430 2000 Anchisen
1465 1971 1502 2000 a.
1536 1962 1597 2008 a’;
1633 1961 1748 2000 idem
1783 1960 1887 2000 alibi
1921 1959 2074 2009 ‘neque

448 2032 565 2071 enim
597 2042 738 2092 novus
771 2033 857 2073 iste
890 2035 938 2074 D.
975 2046 1015 2074 V.
1050 2037 1104 2075 a.'
1137 2038 1260 2081 (Aen.
1296 2038 1335 2076 3.
1371 2038 1443 2086 82,
1485 2039 1550 2076 11.
1586 2038 1703 2085 537).

623 2107 644 2141 2
674 2116 868 2143 ACCREVIT
894 2110 939 2144 ut
964 2119 1089 2155 supra
1113 2113 1165 2153 (v.
1193 2112 1286 2152 494)
1304 2112 1538 2147 ‘accurate’:
1557 2109 1632 2147 ‘ad'
1649 2110 1950 2156 praepositione
1964 2110 2073 2146 fami-

567 2160 717 2196 liariter
746 2161 889 2198 utitur.
918 2163 940 2198 3
970 2174 1171 2200 AocREV1T
1198 2165 1292 2201 hinc
1320 2165 1522 2210 Vergilius
1553 2166 1749 2202 ‘crescent
1772 2165 1861 2202 illae
1884 2165 2074 2202 crescetis

571 2215 743 2251 amores’
774 2215 866 2258 (Ecl.
901 2219 960 2253 io.
993 2219 1069 2261 54).

503 2288 521 2324 1
558 2296 725 2332 PERQUE
760 2298 932 2327 UNICAM
964 2299 1150 2330 GNATAM
1183 2302 1220 2330 T.
1247 2302 1299 2329 ET
1327 2302 1372 2329 M.
1401 2301 1440 2330 G.
1468 2291 1666 2340 ineptum
1694 2293 1761 2330 est
1785 2291 1850 2330 sic
1875 2291 2075 2330 adiurare

448 2361 664 2409 aliquem:
699 2373 773 2411 per
807 2364 997 2405 salutem
1030 2365 1108 2405 filii
1140 2369 1246 2416 mei,
1281 2370 1330 2406 ut
1363 2368 1500 2406 facias
1533 2368 1594 2416 id,
1624 2367 1737 2415 quod
1761 2369 1804 2406 te
1830 2368 1955 2415 rogo!
1991 2367 2074 2406 Sed

448 2438 518 2476 hic
543 2440 670 2477 caute
696 2439 948 2481 subiunxit:
977 2440 1118 2481 ‘cuius
1145 2443 1225 2481 tibi
1253 2444 1450 2492 potestas
1477 2452 1655 2481 summa
1680 2442 1887 2481 servandi
1914 2442 2076 2481 datur’:

449 2514 494 2552 in
525 2515 602 2552 tua
633 2517 718 2564 est,
753 2516 912 2566 inquit,
944 2520 1165 2566 potestate
1193 2521 1238 2558 et
1263 2521 1368 2558 tuus
1395 2521 1486 2558 est:
1517 2519 1541 2557 2
1569 2518 1677 2557 haec
1705 2528 1805 2567 ergo
1833 2518 2072 2557 obtesta-

453 2590 531 2629 tio
569 2590 745 2640 dicitur,
782 2602 880 2631 cum
915 2604 991 2632 eas
1024 2605 1094 2634 res
1127 2596 1383 2634 adiuramus
1416 2595 1627 2643 aliquem,
1660 2595 1712 2633 de
1743 2595 1900 2642 quibus
1931 2594 2076 2643 agitur

451 2676 606 2715 causa,
650 2669 696 2705 ut
739 2666 876 2707 ‘Iliaci
918 2670 1085 2710 cineres
1124 2673 1167 2710 et
1199 2672 1227 2711 f.
1263 2682 1298 2710 e.
1335 2673 1434 2723 m.';
1467 2671 1582 2710 idem
1618 2670 1722 2709 alibi
1757 2669 1845 2719 ‘per
1876 2679 2075 2719 eversae,

450 2753 489 2791 g.
522 2742 550 2781 f.
585 2741 740 2781 Troiae
775 2745 946 2784 excidia
978 2746 1189 2786 obtestor’
1222 2748 1344 2788 (Aen.
1379 2748 1418 2786 2.
1453 2747 1552 2795 431,
1592 2747 1657 2785 10.
1690 2748 1776 2791 45).

509 2818 533 2856 2
572 2828 764 2858 NUPTIAE
797 2830 853 2858 UT
885 2832 1090 2861 FUERANT
1121 2833 1328 2863 FUTURAE
1359 2834 1397 2862 F.
1430 2823 1623 2861 breviter
1655 2824 1698 2861 et
1729 2822 1890 2870 latine;
1923 2822 1967 2860 et
1997 2821 2079 2860 hoc

449 2903 589 2943 genus
621 2896 954 2944 compositionis
994 2900 1162 2938 veteres
1194 2910 1280 2939 non
1314 2899 1530 2938 vitabant.

664 2969 681 3004 1
714 2980 767 3006 UT
794 2981 848 3007 ME
880 2981 1057 3008 ADIUVES
1087 2983 1194 3009 CETT.
1225 2973 1367 3019 petitio
1396 2974 1471 3009 est.

351 3137 378 3183 ¹)
404 3138 671 3183 Legendumne
697 3137 994 3174 ‘coniunctam’‘?
