2242 3443
0 3308 16 3443 firm-..vv
10 3245 12 3281 a„
10 3217 13 3224 ,
11 3182 13 3184 .
4 3147 8 3154 -

163 505 238 541 775

162 885 236 920 776

164 1112 235 1148 777

165 1418 239 1454 778

164 1772 239 1808 779

162 2254 235 2289 781

165 2405 239 2441 782

165 2634 238 2669 783

165 2860 240 2896 784

1011 150 1092 188 207

313 274 509 313 videatur
556 276 698 313 totum
748 274 888 322 licere,
939 285 1041 313 nam
1086 276 1163 315 hoc
1206 278 1358 316 contra
1397 277 1503 315 illud
1548 280 1627 324 est,
1673 280 1783 324 quod
1821 279 1921 316 alibi

310 349 430 393 (Eun.
449 350 643 398 prol.37)
686 350 758 398 ait,
804 361 1038 389 commune
1071 351 1157 389 iam
1192 362 1287 390 esse
1321 353 1525 390 omnibus
1560 355 1739 391 comicis
1774 354 1924 391 ‘bonas

310 426 537 464 matronas
570 425 726 473 facere,
761 425 1017 464 meretrices
1050 426 1221 464 malas'.

373 503 391 538 1
432 511 518 539 NON
551 511 764 540 ΡΑΕΝΙΤΕΤ
796 512 855 539 ΜΕ
888 512 1038 540 FAMAE
1072 502 1176 539 haec
1210 500 1347 550 figura
1379 502 1531 552 λιτότης
1564 504 1742 542 dicitur:
1778 505 1923 543 minus

309 578 428 615 enim
462 578 566 616 dicit
596 588 725 625 quam
756 576 989 626 significat,
1020 587 1120 615 nam
1153 577 1250 616 ‘non
1280 579 1472 625 paenitet
1499 589 1570 617 me
1597 580 1754 618 famae'
1782 590 1858 628 pro
1876 591 1924 618 eo

308 654 421 701 quod
455 656 522 692 est
555 654 778 701 ‘magnam
812 653 975 691 famam
1009 653 1161 702 cupide
1194 654 1488 701 acquisierim'
1520 654 1749 703 significat.
1787 657 1809 693 2
1838 666 1923 694 NON

309 739 521 769 ΡΑΕΝῙΤΕΤ
564 740 622 768 ΜΕ
664 740 814 767 FAMAE
857 740 909 768 ne
952 739 1274 777 quaereremus,
1320 730 1420 777 quid
1465 731 1546 769 hoc
1579 732 1799 770 meretrici
1833 742 1922 780 pro—

309 805 435 843 desse
468 808 632 854 posset.

369 883 387 919 1
424 891 567 920 SOLAM
600 891 769 921 FECISSE
802 881 908 920 bene
942 881 1125 934 ‘solam’,
1160 892 1213 920 ne
1247 883 1440 921 nescisse
1468 882 1656 921 Officium
1676 883 1922 921 meretricis

308 959 436 1004 poeta
479 957 712 996 videretur.
758 958 782 995 2
825 968 968 996 SOLAM
1009 968 1179 997 Fsscrssn
1220 958 1261 996 id
1295 962 1363 997 est
1395 958 1706 997 reconciliasse
1739 969 1920 997 uxorem

311 1032 483 1071 marito.

371 1110 389 1146 1
434 1118 626 1147 NOSTRAS
668 1119 884 1148 MULIERES
927 1120 1168 1149 SUSPECTAS
1209 1120 1357 1149 NUISSE
1399 1110 1440 1148 id
1476 1112 1565 1149 est:
1600 1112 1642 1149 in
1676 1112 1922 1160 suspicione

308 1185 487 1233 positas,
536 1195 640 1224 nam
689 1188 800 1224 ‘esse
842 1187 1086 1234 suspectas’
1129 1187 1384 1234 ambiguum
1429 1189 1509 1235 est,
1554 1188 1597 1225 et
1618 1182 1644 1231 ¹)
1686 1197 1799 1225 nunc
1831 1188 1924 1225 eius

309 1263 481 1310 partem
526 1262 809 1301 manifestam
846 1262 1058 1301 videmus.
1095 1263 1119 1300 2
1152 1272 1287 1301 FALSO
1319 1272 1445 1301 N0131s
1477 1272 1522 1300 IN
1554 1272 1607 1300 RE
1641 1273 1738 1301 IPSA
1771 1263 1922 1301 ‘nobis’

311 1339 386 1376 aut
420 1338 609 1376 abundat
644 1340 721 1377 aut
753 1349 869 1377 cum
903 1341 1101 1377 nostra
1133 1339 1402 1378 molestia
1434 1338 1666 1385 Significat.

373 1415 391 1452 1
438 1423 575 1452 PORRO
618 1424 739 1453 HANG
780 1424 896 1453 NUNC
929 1424 1216 1453 EXPERMMUR
1249 1415 1402 1463 ‘porro'
1437 1425 1552 1453 nunc
1584 1414 1779 1452 futurum
1815 1417 1924 1453 tem-

310 1500 390 1538 pus
433 1491 636 1539 ostendit,
680 1493 732 1531 (α)
775 1491 877 1539 quia
919 1491 969 1529 de
1010 1491 1262 1539 praeteritis
1293 1491 1378 1528 iam
1415 1493 1599 1539 purgata
1631 1493 1710 1529 est.
1746 1491 1770 1528 2
1804 1501 1924 1529 HANG

310 1577 597 1606 nxPERIAMUR
628 1567 670 1605 id
704 1569 772 1605 est
805 1568 982 1605 utamur
1014 1577 1145 1615 Opera
1177 1566 1286 1605 eius.

484 1642 502 1676 1
534 1651 558 1675 α
587 1651 681 1676 nam
710 1642 744 1676 Si
772 1641 852 1676 iam
881 1641 1073 1676 invenisti
1101 1642 1206 1685 quid,
1237 1641 1456 1685 experieris
1487 1642 1525 1676 et
1554 1650 1612 1685 ea,
1638 1651 1740 1684 quae
1764 1644 1921 1677 restant

427 1695 466 1731 in
498 1695 695 1739 reliquum
713 1697 892 1739 tempus

369 1768 393 1805 2
426 1776 596 1806 ORimNr
623 1767 835 1805 crimen
864 1776 978 1805 nunc
1005 1777 1080 1814 pro
1106 1765 1217 1804 falsa
1245 1766 1491 1814 suspicione
1520 1767 1679 1815 posuit,
1707 1766 1924 1815 Vergilius

308 1841 432 1894 (Aen.
457 1845 522 1882 11.
542 1843 644 1887 407)
687 1843 938 1882 'formidine
976 1843 1140 1882 crimen
1168 1842 1358 1881 acerbat’
1393 1844 1435 1880 et
1465 1843 1586 1886 (Aen.
1611 1843 1675 1880 11.
1697 1842 1766 1881 22)
1800 1842 1922 1880 ‘sem-

310 1929 470 1968 perque
502 1919 614 1958 odiis
647 1921 692 1957 et
725 1919 907 1957 crimine
940 1918 1134 1957 Drances
1166 1918 1355 1956 infestus
1386 1918 1535 1956 iuveni
1566 1917 1738 1966 Turno',
1768 1918 1807 1956 id
1835 1921 1922 1956 est:

311 1998 354 2033 et
391 1995 504 2043 quod
539 2005 638 2034 eum
672 1984 816 2034 Odisse
854 1997 895 2033 et
929 1995 1041 2042 quod
1075 2005 1122 2034 se
1155 1994 1217 2032 illi
1249 1994 1347 2032 odio
1380 2004 1476 2032 esse
1509 1994 1820 2042 suspicaretur.

483 2071 501 2105 1
542 2069 722 2106 *omnim
759 2080 839 2105 TUA
878 2080 922 2104 SE
960 2079 1070 2105 UXOR
1108 2078 1341 2105 OREmmssss
1369 2068 1560 2103 crimen
1592 2067 1749 2111 proprie
1780 2067 1923 2102 dicitur

426 2124 476 2169 id,
507 2125 612 2167 quod
640 2124 781 2160 fictum
807 2125 882 2168 est,
908 2126 947 2159 et
970 2124 1105 2159 Cicero
1130 2123 1189 2165 (ir.
1216 2123 1289 2158 inc.
1309 2122 1357 2158 27
1375 2123 1436 2163 Μ.)
1464 2124 1618 2157 ‘verum
1635 2124 1770 2157 tamen
1789 2123 1921 2156 actum

426 2179 467 2214 et
495 2178 760 2214 criminosum
788 2179 852 2213 ius
881 2176 972 2222 est’,
1000 2179 1036 2213 id
1066 2178 1129 2213 est
1157 2176 1257 2212 falsa
1286 2176 1533 2212 insimulatio
1564 2178 1639 2211 est.

367 2259 461 2288 cr'ro
498 2260 550 2288 AB
584 2260 635 2288 Eo
674 2260 790 2288 HAEC
822 2259 899 2288 IRA
932 2259 1150 2288 ABSOEDET
1184 2249 1310 2287 bene:
1349 2248 1392 2286 in
1426 2247 1596 2285 duabus
1628 2247 1744 2284 enim
1779 2255 1921 2294 perso-

300 2325 377 2364 nis
409 2335 542 2364 causa
575 2326 746 2365 videtur
779 2335 878 2364 esse
912 2325 1153 2372 turbarum,
1186 2333 1338 2363 socrus
1370 2325 1413 2361 et
1446 2322 1676 2370 Pamphili.

372 2403 390 2439 1
428 2411 642 2440 PROFEOTO
674 2411 720 2439 1N
753 2411 843 2440 HAG
875 2411 928 2439 RE
961 2400 1065 2448 <N.
1099 2410 1143 2438 M.
1177 2400 1278 2448 E.>
1304 2408 1417 2444 QUOD
1443 2408 1508 2436 ειΤ
1537 2407 1721 2436 Drscrmo
1750 2405 1920 2435 DIGNUM

309 2477 536 2516 moraliter
569 2479 694 2525 quasi
729 2476 974 2524 quaerendo
1007 2479 1049 2513 et
1081 2475 1355 2514 discutiendo
1388 2475 1468 2513 hoc
1500 2473 1663 2511 intulit.
1694 2473 1921 2510 2D1scrmo

311 2553 510 2593 divortio.

371 2631 389 2667 1
426 2640 559 2668 VELIM
591 2639 756 2675 omnim
788 2639 955 2668 HERCLE
987 2630 1036 2666 ut
1067 2628 1176 2666 nihil
1208 2628 1267 2666 sit
1298 2628 1493 2675 dignum,
1524 2625 1605 2663 hoe
1634 2626 1701 2662 est
1730 2632 1812 2661 non
1832 2631 1920 2668 pec·

311 2706 477 2744 caverit
509 2705 778 2754 Pamphilus.
817 2705 840 2742 2
878 2714 1016 2743 ADEST
1049 2713 1162 2748 QUOD
1196 2714 1319 2742 SATIS
1353 2701 1538 2749 <εΙΤ>
1568 2709 1722 2739 lucrm*
1756 2707 1852 2735 1PSA
1880 2696 1920 2733 id

307 2783 396 2819 est:
431 2781 632 2829 quicquid
667 2781 720 2819 ad
754 2780 929 2828 plenam
963 2779 1082 2818 ducit
1112 2779 1434 2827 purgationem,
1469 2775 1669 2814 sufficiat.

372 2858 390 2894 1
428 2867 487 2897 AN
520 2867 626 2902 QUIA
657 2866 744 2894 NON
776 2865 888 2894 Tur-E
915 2865 1008 2894 [ΡεΕ
1041 2855 1254 2903 correptio
1287 2855 1368 2902 est,
1402 2863 1505 2891 nam
1539 2850 1723 2890 audivit.

162 3059 165 3061 >
215 3035 241 3075 ¹)
262 3036 532 3079 Corrigendum
559 3035 709 3070 videtur
734 3033 826 3068 ‘sed’
851 3027 907 3067 vel
934 3033 1006 3067 ‘ast
