2242 3443
132 300 205 336 126

128 984 200 1022 12?

129 1135 202 1172 128

127 1436 202 1472 129

127 1581 201 1617 130

126 2006 195 2041 131

127 2307 200 2343 132

126 2534 200 2570 133

125 2685 196 2720 131

126 2906 200 2942 135

979 172 1060 210 125

326 307 377 333 TE
410 306 598 334 ΙΝΤΕΠΕΑ
629 307 723 335 Loo1
752 307 934 336 coenovt
958 298 1146 336 oratorie
1174 298 1362 346 priorem
1389 301 1632 340 amatorem
1655 302 1759 341 facit
1776 304 1886 342 mili-

276 374 367 411 tem
407 382 538 420 quam
572 373 856 412 Phaedriam:
890 383 994 411 nam
1027 373 1245 421 posterius
1277 373 1381 413 dicit
1413 376 1527 414 hunc
1559 379 1779 425 cognitum
1813 391 1887 428 per

273 448 519 487 absentiam
552 448 720 488 militis.
753 449 865 496 Ergo
894 459 992 487 cum
1020 448 1153 487 militi
1181 449 1393 488 Phaedria
1419 451 1569 490 rivalis
1602 455 1887 501 superductus

275 524 350 573 sit,
395 534 665 571 consequens
697 526 781 573 est,
818 525 864 562 ut
895 524 1025 563 miles
1057 525 1181 571 queri
1212 525 1426 575 debuerit,
1461 537 1546 565 non
1580 528 1810 579 Phaedria,
1845 533 1888 569 et

272 601 500 648 propterea
527 599 636 637 nihil
664 599 843 648 mirum,
874 600 911 638 si
938 600 1088 639 ordine
1116 602 1291 640 servato
1319 601 1448 640 miles
1466 604 1737 651 antepositus
1759 605 1889 644 fuerit

275 675 461 714 amatori
493 675 774 723 postmodum
817 675 1014 724 cognito;
1059 676 1101 714 et
1133 675 1215 714 hoc
1257 676 1349 714 sine
1381 676 1550 725 puellae
1583 682 1626 717 et
1655 689 1888 719 munerum

274 760 426 799 causa,
458 750 652 789 multum
685 760 760 799 pro
794 750 936 790 milite
969 753 1122 789 contra
1154 751 1414 790 Phaedriam
1453 752 1585 792 valet.
1620 755 1643 792 2
1677 755 1756 794 Sed
1790 757 1886 795 vide

274 826 573 876 meretricem,
617 826 720 873 quia
751 836 846 865 rem
879 826 991 866 dixit
1023 827 1363 876 percutientem,
1399 830 1503 876 quot
1530 830 1573 867 et
1598 831 1743 877 qualia
1770 831 1884 870 blan-

273 903 467 943 dimenta
499 902 658 941 subicit
691 902 871 941 dicendo
905 901 1013 942 ‘tute
1044 903 1131 942 scis
1162 903 1338 952 postilla
1368 905 1516 951 quam’
1547 907 1629 944 etc.

328 981 349 1017 1
394 989 579 1018 ooenovr
620 978 790 1027 proprie
822 977 1049 1027 ‘cognovi’.
1084 980 1108 1017 2
1143 990 1252 1017 TUTE
1283 989 1371 1017 scis
1403 990 1504 1018 Posr
1536 992 1635 1019 ILLA
1670 992 1791 1026 QUAM
1825 994 1883 1021 IN-

272 1065 414 1093 TIMUM
445 1059 575 1105 σχῆμα
607 1052 796 1104 ἐπιμονὴ,
827 1064 932 1093 nam
966 1055 1048 1093 hoc
1081 1055 1135 1093 ad
1168 1054 1468 1093 narrationem
1500 1064 1584 1093 non
1618 1056 1818 1103 pertinet.

330 1132 349 1169 1
380 1141 430 1168 ΕΤ
459 1141 551 1168 ΜΕΑ
579 1140 778 1168 CONSILIA
807 1141 893 1168 11131
922 1140 1098 1168 GREDAM
1127 1141 1265 1170 OMNIA
1295 1140 1350 1169 ex
1377 1130 1599 1179 praesenti
1625 1132 1723 1170 actu
1741 1142 1883 1181 sump-

271 1207 330 1246 sit
370 1208 700 1255 argumentum,
745 1206 857 1254 quod
899 1216 1015 1245 nunc
1058 1216 1158 1245 eum
1191 1208 1403 1254 tanquam
1437 1206 1733 1246 consultorem
1767 1208 1884 1246 adhi-

273 1282 428 1322 buerit.

443 1357 465 1392 2
489 1357 538 1393 Et
561 1356 661 1392 bene
677 1355 859 1392 ‘credam’
877 1357 1098 1392 secundum
1112 1356 1206 1392 illud
1223 1356 1347 1402 ‘potin
1363 1358 1426 1393 est
1441 1356 1504 1393 hic
1518 1358 1649 1393 tacere
1659 1358 1691 1393 ‘2’
1708 1360 1757 1399 (V.
1777 1357 1880 1404 101).

329 1430 348 1467 1
383 1439 438 1467 NE
471 1439 554 1467 Hoc
589 1438 754 1473 QUIDEM
787 1427 830 1466 id
863 1430 953 1466 est:
988 1427 1070 1467 hoc
1102 1438 1272 1476 quoque
1303 1428 1465 1467 falsum
1498 1429 1576 1467 est.

441 1512 654 1538 noemmin
681 1512 723 1537 ID
753 1512 823 1537 es'r
852 1511 915 1538 me
944 1511 1024 1538 non
1054 1502 1274 1538 taciturum
1304 1502 1466 1539 scilicet.

329 1577 348 1613 1
393 1585 476 1613 Hoc
518 1585 649 1613 Adire
691 1584 843 1612 AMABO
877 1573 972 1613 ‘hoc
1006 1574 1135 1622 agite’
1167 1584 1244 1623 pro
1273 1575 1478 1613 adverbio
1512 1575 1785 1624 corripientis
1817 1578 1884 1615 est

270 1651 485 1700 positum,
520 1650 574 1695 (α)
606 1650 669 1689 510
701 1650 885 1689 Plautus
919 1649 1014 1689 ‘hoc
1041 1650 1159 1699 agite
1181 1651 1219 1689 si
1247 1650 1404 1699 vultis,
1433 1651 1717 1699 spectatores’
1745 1652 1880 1693 (Asin.

269 1726 375 1776 prol.
424 1727 474 1775 1),
519 1727 542 1764 2
588 1727 628 1764 et
665 1726 872 1765 convenit
904 1725 1044 1765 veluti
1077 1727 1187 1764 nutu
1219 1726 1490 1765 audientiam
1522 1726 1810 1775 significantis
1841 1730 1884 1767 et

268 1804 396 1851 gestu
428 1803 510 1841 hoc
542 1802 690 1851 ipsum
723 1801 936 1840 adiuvari.

441 1878 460 1912 1
493 1887 517 1913 α
542 1876 565 1897 ³¹2
593 1878 664 1912 aut
692 1878 799 1912 certe
828 1886 899 1921 pro
930 1875 1210 1913 adhortatione
1239 1876 1466 1912 audientiae
1490 1877 1748 1921 praebendae.
1765 1877 1787 1912 3
1804 1887 1881 1913 Hoc

384 1940 505 1967 Acrrn
533 1929 570 1966 id
599 1930 809 1966 est:'illud
838 1931 1012 1966 desinite
1037 1932 1077 1966 et
1105 1931 1180 1966 hoc
1207 1931 1419 1967 attendite.

322 2011 466 2039 NUPER
508 2011 606 2039 Eius
649 2012 819 2040 FRATER
861 2003 908 2040 ut
950 2002 1092 2040 adhuc
1132 2011 1255 2041 amor
1298 2001 1482 2050 flagrare
1514 2001 1733 2050 videatur,
1767 2002 1880 2040 addi.

270 2076 333 2115 dit
361 2075 540 2126 ‘nuper‘.
587 2078 611 2115 2
642 2087 992 2122 ALIQUANTULUM
1025 2088 1100 2116 EST
1133 2088 1192 2116 AD
1225 2087 1314 2116 REM
1348 2088 1529 2116 AVIDIOR
1559 2077 1684 2116 vultu
1716 2087 1878 2116 accom-

268 2152 444 2191 modato
472 2153 524 2192 ad
555 2153 940 2202 reprehensionem
972 2154 1344 2202 pronuntiandum
1378 2155 1456 2192 est.
1477 2154 1501 2192 3
1520 2164 1579 2192 AD
1598 2164 1684 2191 REM
1701 2164 1882 2191 AvrnxoR

264 2229 433 2277 proprie
465 2228 674 2269 ‘avidior’.
709 2231 734 2268 4
767 2240 826 2268 AD
859 2240 948 2268 REM
980 2230 1213 2279 pecuniam
1245 2229 1374 2268 modo
1406 2229 1522 2268 dicit.

297 2312 363 2343 '1s
403 2315 478 2342 UBI
516 2315 637 2344 HANG
681 2314 828 2344 FORMA
870 2316 998 2344 erE'r
1041 2317 1095 2344 ex
1139 2305 1281 2345 aliena
1312 2315 1497 2354 persona
1528 2305 1622 2343 vult
1654 2305 1878 2343 ostendere

270 2381 442 2427 praeter
482 2379 687 2419 affectum
722 2381 873 2429 quanti
900 2380 981 2419 sibi
1014 2381 1312 2420 existimanda
1342 2381 1399 2419 sit
1431 2384 1474 2419 et
1503 2382 1664 2428 quanto
1697 2389 1876 2418 munere

271 2454 397 2493 miles
429 2455 665 2495 Phaedriae
697 2457 909 2496 meruerit
939 2457 1158 2506 anteponi.

329 2531 346 2568 1
381 2541 432 2568 ΕΤ
464 2542 637 2570 Proreus
670 2542 789 2571 serm:
823 2533 1001 2572 vetusta
1032 2530 1220 2582 ἔλλειψις.
1255 2533 1280 2571 2
1315 2542 1505 2571 PRETIUM
1539 2541 1729 2569 SPERANS
1756 2530 1877 2568 deest

270 2605 524 2657 ‘magnum’‚
557 2610 605 2646 ut
638 2607 824 2647 ‘stabulo
856 2608 1002 2647 frenos
1034 2618 1071 2647 a.
1105 2610 1156 2647 s.’
1187 2608 1274 2651 (Ge.
1303 2609 1328 2646 3
1365 2608 1474 2655 184).

325 2683 344 2720 1
379 2693 590 2722 PRochrr
623 2684 804 2732 proprie.
838 2679 896 2731 (α)
930 2684 954 2721 2
993 2694 1203 2722 PRODUCIT
1238 2694 1397 2722 VENDJT
1430 2683 1537 2721 haec
1563 2681 1760 2721 celeritas
1777 2690 1874 2719 ven·

271 2758 446 2798 dibilem
478 2759 640 2798 indicat
671 2769 879 2798 mercem.
915 2759 938 2797 3
976 2769 1111 2797 FORTE
1143 2769 1346 2797 FoRrUNA
1376 2758 1420 2797 id
1452 2760 1520 2797 est
1551 2757 1662 2796 bona
1687 2757 1873 2795 fortuna.

443 2833 461 2868 1
495 2843 519 2867 a
546 2843 641 2869 nam
670 2833 835 2878 produci
861 2832 1025 2869 venales
1055 2832 1254 2868 dicuntur.

322 2914 395 2942 HIC
436 2915 552 2943 MEUS
594 2916 756 2943 AM1cus
793 2904 894 2953 quia
924 2904 1047 2943 locus
1078 2905 1146 2943 est
1176 2903 1431 2942 meritorum
1464 2912 1548 2940 non
1581 2902 1669 2939 iam
1702 2899 1872 2947 ‘miles’‚

267 2980 342 3019 sed
370 2977 514 3019 ‘meu-s
541 2981 738 3030 amicus’,
768 2981 866 3019 vide
893 2980 1009 3019 enim
1038 2979 1139 3026 quid
1165 2981 1395 3026 sequatur:
1424 2977 1558 3015 ‘emit’
1585 2976 1742 3023 inquit,
1761 2974 1871 3013 ‘eam

271 3056 380 3093 dono
413 3052 547 3094 mihi'.
