2242 3443
293 332 340 367 74

269 455 341 490 104

265 578 337 612 los

268 639 337 674 121

267 824 336 858 181

266 947 341 982 135

266 1070 341 1106 160

264 1255 339 1291 163

263 1379 340 1416 234

263 1689 340 1724 315

263 1935 341 1971 350

264 2182 341 2218 359

260 2305 336 2340 361

264 2428 340 2464 363

263 2552 340 2588 372

263 2674 340 2711 373

264 2857 342 2894 420

265 3103 340 3139 431

1026 217 1284 247 PRAEFATIO.

400 332 417 366 1
462 332 700 367 ...videtur
739 332 788 367 ad
827 331 902 367 lioc
940 332 1144 368 addidisse
1184 332 1300 368 ‘meo’
1343 342 1391 368 ne
1427 335 1539 368 esset
1570 333 1856 376 ἀμφίβολον...
1888 333 1910 370 3
1939 334 2041 371 bene

398 394 529 437 ‘meo’,
561 402 609 428 ne
637 395 749 428 esset
777 394 999 436 ἀμφίβολον.
1030 393 1216 429 Alterum
1247 403 1297 429 ex
1329 393 1457 429 altero
1487 393 1615 429 multo
1645 393 1837 437 longiore.

401 455 417 490 1
452 455 552 490 bene
581 464 660 490 non
691 454 817 489 dixit.
838 483 844 489 .
865 482 899 499 .‚
931 455 999 489 sed
1026 456 1099 489 ἀπὸ
1124 459 1189 497 τῆς
1218 457 1481 498 καταπλήξεως
1507 455 1634 499 ‘virgo
1651 454 1852 499 pulchral'
1871 455 1894 492 3
1911 456 2039 502 ‘virgo

400 515 577 559 pulchra'
607 517 680 550 ἀπὸ
709 521 774 560 τῆς
805 517 1076 558 καταπλήξεως.

396 577 420 614 3
450 577 473 612 4
503 578 583 613 iam
615 577 776 613 Wessn.
808 577 1041 613 observavit
1072 577 1170 614 haec
1194 580 1388 623 excerpta
1414 578 1706 614 esseeDonati
1723 578 1874 615 scholio
1893 580 1967 617 107
1999 580 2039 618 3.

398 638 544 674 Donati
575 639 877 675 adnotationem
908 640 946 674 in
982 639 1022 674 1:
1055 640 1159 675 bono
1189 639 1333 676 affectu
1365 640 1468 675 dixit
1498 641 1626 676 ‘daret
1650 639 1716 675 illi’
1742 642 1818 676 etc.
1843 641 2040 685 magister

397 700 454 735 sic
495 701 700 736 contraxit
742 701 781 735 in
823 701 870 736 4:
911 701 1010 736 mire
1047 698 1201 746 ‘daret',
1234 703 1278 737 ut
1308 702 1542 738 ostenderet
1572 701 1669 737 nihil
1699 711 1791 738 esse
1819 702 2040 747 potestatis

398 762 437 797 in
467 762 559 797 filio.
592 762 691 798 Vide
721 763 813 798 adn.

397 823 524 859 Simili
568 824 687 860 modo
730 824 926 868 magister
970 826 1008 860 in
1054 826 1075 859 2
1114 825 1292 861 breviter
1329 825 1497 861 reddidit
1536 835 1639 869 quae
1674 825 1860 861 Donatus
1889 825 2039 862 diserte

398 886 588 930 exposuit
617 887 655 921 in
687 885 723 922 3.

395 948 418 982 4
462 949 667 982 ἀσύνδετον
707 950 751 983 ut
791 957 914 992 supra
955 948 1087 993 ‘imus⁷
1126 949 1328 992 venimus,
1358 950 1572 992 videmus'‚
1604 949 1780 984 tractum
1810 958 1831 984 e
1860 948 2042 993 longiore

398 1008 544 1044 Donati
575 1009 609 1045 5.
641 1009 741 1045 Vide
769 1009 862 1044 adn.

396 1070 419 1106 2
445 1071 587 1107 ‘audio‘
615 1081 685 1115 per
710 1072 900 1115 εἰρωνείαν
927 1070 1071 1107 dicitur
1095 1073 1217 1107 modo
1241 1081 1264 1107 a
1288 1073 1578 1108 contemnente
1606 1071 1755 1107 dictum
1780 1072 2042 1117 Antiphonis.

504 1132 591 1168 Hoc
620 1133 769 1177 partim
798 1132 958 1169 rettulit
987 1132 1183 1177 magister
1212 1135 1251 1169 in
1281 1134 1384 1171 3...
1411 1136 1476 1170 est
1499 1143 1595 1178 ergo
1621 1133 1767 1169 ‘audio’
1785 1134 1955 1178 εἰρωνεία
1969 1143 2041 1179 pro

398 1204 477 1230 non
508 1195 638 1239 audio,
668 1194 743 1230 hoc
771 1196 855 1230 est:
886 1193 986 1230 nihil
1015 1194 1125 1230 dicis.
1156 1194 1256 1231 Vide
1284 1196 1376 1232 adn.

398 1258 415 1293 1
459 1257 533 1293 hoc
569 1256 626 1292 sie
655 1256 1001 1301 pronuntiandum
1032 1257 1101 1295 ctt.
1131 1256 1155 1294 3
1186 1257 1262 1293 hoc
1290 1267 1381 1293 cum
1411 1257 1745 1302 pronuntiatione
1775 1257 1906 1293 infert.
1934 1256 2041 1293 Alte·

399 1327 489 1353 rum
520 1319 700 1354 tractum
730 1327 752 1354 e
781 1318 927 1362 priore.

398 1381 415 1416 1
457 1380 646 1416 convenit
683 1380 758 1416 hoc
796 1380 950 1416 dictum
990 1381 1038 1425 ei,
1077 1381 1146 1425 qui
1175 1380 1254 1416 iam
1285 1381 1438 1425 pridem
1467 1390 1511 1416 se
1539 1380 1644 1417 male
1673 1380 1810 1416 audire
1840 1382 1970 1426 putat,
1999 1382 2041 1416 et

396 1442 483 1478 ideo
525 1451 616 1478 sero
659 1442 819 1478 videtur
861 1443 909 1478 ad
951 1443 1060 1479 hunc
1098 1452 1227 1479 senex
1265 1442 1515 1489 pervenisse,
1554 1452 1645 1479 cum
1682 1441 1748 1479 ille
1777 1443 1967 1478 metuens
1996 1451 2041 1478 se

397 1504 573 1548 primum
617 1504 663 1540 ad
706 1504 1007 1541 accusationem
1049 1506 1244 1541 crederet.
1327 1505 1481 1541 Similia
1517 1505 1621 1541 alius
1662 1503 1882 1540 scholiasta
1919 1504 1958 1540 in
1994 1504 2038 1540 4:

396 1575 446 1601 an
485 1565 575 1609 quia
615 1566 729 1602 tarde
758 1566 807 1602 ad
839 1575 1005 1602 servum
1036 1566 1223 1612 pervenit
1254 1577 1392 1610 senex,
1424 1577 1546 1611 quem
1575 1566 1642 1602 ille
1672 1566 1720 1602 ob
1749 1566 2039 1602 conscientiam

399 1636 422 1662 a
451 1637 494 1662 se
523 1629 764 1671 coepturum
795 1638 887 1664 esse
918 1629 1135 1665 credebat?
1165 1629 1264 1665 Vide
1293 1630 1383 1665 adn.

397 1688 419 1724 3
457 1688 555 1724 haec
591 1688 701 1725 labra
729 1689 890 1734 lingens
919 1692 966 1726 ut
995 1690 1132 1727 ebrius
1161 1693 1202 1727 et
1230 1693 1397 1727 ructans
1426 1692 1472 1726 ut
1501 1692 1623 1735 potus
1652 1692 1693 1726 e't
1721 1691 1837 1726 satur
1864 1699 2040 1735 pronun-

397 1750 512 1786 tiavit
551 1752 664 1787 actor
700 1752 844 1788 bonus.
927 1753 1127 1798 Compara
1153 1753 1228 1790 hoc
1256 1763 1349 1790 cum
1377 1753 1560 1797 longiore
1588 1753 1736 1789 Donati
1765 1752 1789 1789 2
1816 1753 1856 1788 et
1885 1752 2039 1789 videbis

397 1822 476 1848 non
506 1822 598 1848 esse
627 1813 826 1862 parallela‚
855 1815 901 1850 ut
928 1813 1088 1851 Wessn.
1119 1815 1282 1860 scripsit
1310 1815 1351 1850 in
1380 1815 1499 1860 App„
1528 1815 1599 1850 sed
1623 1814 1796 1850 alterum
1821 1814 1958 1860 potius
1985 1823 2037 1851 ex

397 1874 523 1910 altero
553 1875 772 1911 conflatum
805 1885 910 1913 esse.

397 1935 420 1972 2
462 1937 642 1980 proprie:
685 1937 828 1973 adesse
869 1938 976 1974 enim
1019 1948 1166 1974 causae
1203 1938 1364 1983 proprie
1401 1938 1591 1974 dicuntur
1628 1938 1791 1983 patroni
1829 1934 1871 1974 et
1907 1938 2036 1974 amici.

395 1998 430 2032 A
472 1997 495 2034 6
539 1998 691 2034 ‘adeste
734 1999 898 2043 quaeso'
943 2000 1102 2045 proprie
1148 2001 1357 2037 advocatis
1400 2000 1513 2036 dixit.
1556 2000 1580 2035 4
1623 2000 1767 2036 annuit
1809 2001 1854 2035 ut
1891 2001 2037 2036 taceat.

397 2058 420 2094 5
449 2059 651 2103 significat
679 2060 900 2097 silentium.

505 2121 662 2157 Scholia
690 2122 806 2163 iuxta
835 2123 982 2168 posita,
1013 2123 1093 2159 nisi
1120 2124 1270 2160 hausta
1300 2124 1384 2159 sint
1412 2123 1434 2160 6
1465 2125 1506 2160 et
1533 2124 1556 2160 5
1587 2133 1638 2159 ex
1667 2124 1768 2160 Don.
1795 2124 1819 2160 2
1849 2125 1889 2159 et
1918 2124 1954 2159 4.

395 2187 430 2217 A
456 2183 474 2218 1
503 2182 742 2220 insimulare
766 2185 830 2220 est
855 2184 1004 2221 crimen
1029 2185 1228 2232 ingerere,
1245 2187 1304 2222 sic
1317 2185 1450 2221 Cicero
1480 2187 1550 2221 ctt.
1567 2186 1597 2221 B
1615 2186 1634 2221 1
1653 2185 1905 2222 insimulatio
1919 2187 1982 2222 est
1998 2187 2038 2222 et

396 2243 485 2279 falsi
513 2246 553 2280 et
582 2245 665 2281 veri
694 2245 874 2282 criminis
904 2246 1117 2293 incusatio,
1146 2248 1204 2284 sic
1230 2248 1364 2284 Cicero
1389 2249 1458 2284 ctt.
1528 2247 1615 2284 Hoc
1638 2247 1808 2292 iustius;
1835 2247 1923 2284 vide
1945 2248 2037 2284 adn.

394 2306 429 2340 A
468 2305 492 2341 2
522 2307 609 2342 vide
641 2309 684 2343 ut
714 2308 960 2345 veteratorie
988 2310 1181 2346 ostendat
1209 2309 1508 2346 contradixisse
1537 2309 1853 2346 adulescentem.
1882 2309 2037 2346 Brevis·

398 2367 499 2403 sime
528 2368 585 2404 sic
614 2369 869 2405 contrahitur
897 2371 1100 2415 expositio
1129 2372 1276 2408 Donati
1304 2371 1344 2407 in
1374 2371 1404 2407 B
1437 2372 1473 2407 1.
1602 2410 1605 2411 γ

396 2429 431 2464 Α
470 2429 494 2464 2
531 2430 678 2474 ‘opera'
717 2431 780 2467 hic
818 2434 1019 2477 septimus
1059 2443 1179 2470 casus
1220 2435 1295 2470 est.
1335 2433 1435 2468 =B
1474 2432 1498 2468 2
1537 2432 1604 2476 qui
1633 2435 1770 2469 tamen
1799 2432 1966 2469 addidit:
1995 2434 2037 2469 et

398 2491 505 2526 ‘vita'
537 2492 827 2529 nominativus.

396 2553 430 2588 A
467 2552 492 2588 2
532 2553 648 2589 ‘male
685 2552 808 2598 loqui'
837 2565 908 2599 pro
937 2556 1190 2592 maledicere.
1219 2556 1372 2602 =B2,
1402 2556 1467 2592 ubi
1498 2556 1598 2594 Don.
1628 2557 1766 2592 tamen
1794 2555 1965 2592 addidit:
1995 2558 2036 2593 et

396 2614 553 2658 quaerit
581 2614 749 2659 Probus,
778 2617 868 2660 quis
897 2619 994 2653 ante
1025 2618 1260 2654 Terentium
1293 2618 1453 2654 dixerit.

395 2676 429 2710 A
467 2684 549 2711 non
587 2685 814 2713 carcereum
844 2679 916 2714 sed
946 2688 1146 2716 carcerem
1174 2679 1358 2725 asperius
1388 2678 1619 2725 appellavit,
1649 2679 1706 2715 sic
1731 2678 1928 2715 Lucili-us:
1956 2688 2035 2715 car-

397 2745 462 2772 cer
502 2737 569 2772 vix
609 2746 767 2774 carcere
805 2738 966 2783 dignus.
1008 2740 1094 2776 Hoc
1130 2740 1218 2777 loco
1255 2741 1382 2785 igitur
1410 2742 1445 2776 A
1475 2739 1700 2784 genuinum
1728 2739 1928 2776 scholium
1957 2749 2036 2776 ser-

395 2797 518 2842 vavit,
547 2807 637 2834 cum
667 2799 697 2834 B
727 2799 751 2836 3
779 2800 1012 2844 exemplum
1041 2802 1180 2838 Lucilii
1208 2801 1494 2838 tantummodo
1523 2800 1739 2837 rettulerit.

397 2859 432 2894 A
478 2859 496 2895 1
540 2859 638 2895 haec
679 2861 874 2897 minantis
915 2865 1014 2899 sunt
1051 2865 1184 2900 verba.
1223 2866 1258 2900 A
1296 2864 1320 2901 2
1356 2866 1397 2900 et
1435 2864 1537 2900 bene
1564 2863 1750 2900 imitatus
1776 2864 1841 2899 est
1869 2863 2034 2900 modum

397 2921 694 2958 comminantis.
775 2923 958 2960 Servavit
988 2927 1084 2962 ordo
1112 2928 1148 2962 A
1176 2926 1402 2971 simplicem
1435 2925 1581 2962 Donati
1609 2925 1913 2961 adnotationem
1937 2924 1980 2960 in
2011 2924 2031 2960 1

398 2983 438 3017 et
475 2982 634 3018 aliunde
671 2984 884 3021 subiunxit
921 2986 1025 3022 alius
1063 2987 1350 3033 paraphrasim
1392 2996 1583 3032 compara
1611 2986 1684 3023 371
1715 2987 1751 3023 A
1781 2987 1800 3022 1
1831 2987 1871 3023 et
1899 2986 1936 3032 2,
1965 2985 2034 3021 ubi

398 3044 432 3078 A
461 3044 567 3079 dedit
594 3053 686 3080 cum
714 3045 860 3081 Donati
889 3048 978 3083 tum
1008 3048 1111 3085 alius
1138 3049 1338 3086 scholium
1369 3049 1417 3085 de
1444 3049 1586 3084 eodem
1614 3047 1749 3084 verbo.

400 3105 418 3140 1
451 3115 475 3140 a
513 3106 689 3142 ostendit
726 3116 844 3151 quam
884 3108 1004 3153 longe
1041 3110 1106 3156 sit,
1145 3120 1236 3147 cum
1273 3111 1313 3146 in
1351 3119 1483 3146 arcem
1521 3110 1719 3146 transeat.
1749 3109 1772 3145 6
1801 3106 2033 3154 pronuntia,
