2242 3443
320 1221 398 1256 689

322 2136 400 2171 690

323 2287 397 2323 691

1169 172 1249 210 192

468 295 725 335 Chaeream.
770 297 794 334 2
843 307 994 335 vimus
1038 296 1187 335 mollis
1230 296 1522 343 flaccidusque
1565 297 1610 334 et
1650 295 1857 334 flexibilis
1890 305 2086 345 corpore,

468 373 582 412 unde
627 375 670 411 et
707 374 921 412 vimina
954 376 998 412 et
1031 374 1284 412 vimenta
1318 375 1361 412 et
1394 373 1547 411 vites
1580 374 1624 411 et
1656 372 1910 410 vietores
1943 372 2087 410 dicun·
2217 418 2219 422 ι

467 451 551 487 tur.
592 450 616 487 3
659 451 712 492 (α)
757 449 987 490 Lucretius
1023 459 1210 488 araneae
1243 449 1356 488 dixit
1388 448 1570 487 ‘vietam
1604 449 1792 487 vestem'
1825 448 1880 495 (3.
1915 448 2016 493 386)
2047 448 2088 487 id
2207 431 2214 506 5¹

466 527 533 564 est
575 525 692 574 putri
736 525 923 564 mollitia
955 525 1214 574 praeditam.
1252 527 1275 563 4
1311 535 1446 563 varus
1480 525 1533 563 ad
1568 524 1939 573 vituperationem
1973 524 2088 573 poni—

466 604 537 639 tur
571 602 720 651 modo,
755 612 841 640 non
870 602 922 640 ad
952 601 1146 650 laudem,
1177 604 1224 640 ut
1255 600 1433 640 ‘veteris
1460 602 1613 649 poetae
1637 600 1885 639 maledictis
1913 610 2086 649 respon·

467 677 581 716 deat'
624 679 720 722 (An.
764 678 871 726 prol.
918 679 967 717 7).
1001 680 1026 717 5
1061 678 1238 717 Vetus
1272 680 1361 727 est,
1397 678 1522 716 cuius
1555 676 1873 716 diminutivum
1908 677 1977 715 est
2011 686 2088 715 ve·
2204 674 2224 722 :i

467 753 648 801 tulus;
700 756 1043 793 veternosus
1093 754 1244 793 morbo
1297 756 1444 792 vetere
1487 753 1716 792 confectus
1759 763 1808 792 ac
1867 753 2088 802 diuturno,
2216 748 2227 792 i.

469 829 622 877 quales
665 832 766 868 sunt
809 830 881 878 qui
926 830 1167 879 hydropem
1212 830 1463 879 patiuntur3
1509 831 1533 869 6
1577 831 1631 877 ((ι)
1674 839 1851 868 senex
1885 839 1938 868 ex
1975 828 2090 868 malo

466 905 825 955 aegritudineque
856 916 1059 955 rugosus.

640 980 662 1015 3
703 990 728 1015 α
770 981 818 1016 Et
856 980 1002 1017 viere
1029 981 1152 1025 ligare
1183 980 1347 1025 dicitur,
1375 981 1469 1024 quia
1497 981 1614 1016 vietis
1644 979 1768 1024 virgis
1797 979 1922 1024 ligare
1951 989 2090 1024 possu-

586 1044 678 1070 mus
717 1035 921 1078 quidlibet.
965 1035 988 1070 6
1028 1045 1052 1070 α
1080 1037 1205 1079 recte,
1236 1045 1329 1070 narn
1346 1045 1467 1079 saepe
1497 1034 1672 1071 eunuchi
1702 1035 1741 1070 in
1771 1036 1937 1070 senecta
1965 1035 2090 1069 veter-

587 1088 677 1124 nosi
702 1091 799 1125 sunt
827 1090 866 1125 et
895 1089 973 1125 cito
1004 1089 1078 1124 hoc
1106 1090 1291 1125 laborant
1320 1090 1474 1126 morbo.
1506 1090 1526 1124 7
1557 1098 1687 1125 sartrix
1716 1090 1855 1124 utrum
1885 1097 2011 1125 senex
2041 1098 2090 1124 an

587 1143 678 1187 quia
709 1143 765 1178 sic
794 1144 951 1179 videtur
981 1145 1029 1178 ob
1059 1143 1384 1180 deformitatem?

529 1216 548 1252 1
594 1225 755 1254 cononis
804 1225 1079 1254 MUSTELLINO
1123 1215 1288 1254 erravit
1328 1215 1565 1254 Terentius
1597 1225 1683 1254 non
1715 1214 1978 1262 intellegens
2010 1213 2091 1252 Me-

470 1291 730 1330 nandricum
774 1291 882 1331 illud
928 1290 936 1309 ‘

469 1378 590 1414 nem,
635 1368 748 1415 quod
791 1367 956 1406 animal
997 1367 1186 1407 lacertae
1228 1378 1314 1407 non
1348 1367 1563 1406 dissimile
1595 1369 1662 1406 est
1695 1366 1920 1406 maculoso
1953 1367 2092 1414 corio;

467 1454 657 1492 namque
700 1444 752 1482 ad
787 1444 829 1482 id
873 1454 1012 1492 genus
1054 1444 1188 1483 facies
1232 1444 1495 1493 exprimitur
1537 1444 1839 1483 eunuchorum
1879 1443 2092 1492 corporis,

468 1521 571 1569 quia
604 1520 798 1568 plerique
831 1519 1084 1568 lentiginosi
1116 1523 1233 1559 sunt.
1268 1520 1351 1559 Hic
1384 1530 1485 1569 ergo
1518 1520 1681 1559 erravit
1713 1520 1825 1570 ideo,
1859 1520 1962 1567 quia
1992 1520 2093 1571 γαλῆ

942 1290 1062 1338 αὐτός
1090 1289 1196 1330 ἐστιν
1233 1290 1430 1343 γαλεώτης
1453 1289 1619 1343 γέρων’;
1655 1291 1719 1330 ait
1752 1292 1900 1330 autem
1935 1290 2094 1329 Stellio·

472 1596 683 1635 mustella
715 1596 892 1645 dicitur‚
926 1594 1123 1647 γαλέωτης
1155 1596 1319 1646 Stellio,
1353 1596 1483 1646 ὥσπερ
1504 1592 1799 1647 Ἀριστοφάνης
1830 1594 1872 1634 ἔν
1904 1598 1988 1642 ταῖς
2016 1595 2095 1634 Νε-

463 1671 602 1722 φέλαις
646 1671 799 1723 (ἥσθην
847 1675 1022 1727 γαλεώτῃ
1065 1670 1325 1724 καταχέσαντι
1367 1672 1639 1723 Σωκράτους)
1686 1674 1710 1712 2
1745 1674 1804 1713 At
1836 1683 1915 1721 ego
1946 1673 1970 1717 †
2001 1672 2093 1712 ede·

471 1750 645 1788 sionum
688 1759 865 1798 sequor,
902 1749 975 1797 qui
1018 1750 1134 1788 recte
1178 1749 1397 1788 intellexit
1438 1749 1692 1788 Terentium
1734 1749 1948 1788 scientem
1992 1758 2092 1787 mu-

470 1825 706 1864 stellino
742 1825 930 1864 colore
964 1825 1130 1864 dixisse
1164 1825 1414 1864 eunuchum
1449 1826 1571 1865 velut
1599 1825 1834 1875 sublivido,
1864 1825 1966 1873 quia
1993 1834 2094 1864 vere
2223 1842 2232 1891 ἰ

470 1902 661 1940 eunuchi
702 1905 778 1940 aut
815 1911 869 1940 ex
904 1902 1231 1941 candidissimis
1263 1901 1519 1950 lentiginosi
1550 1900 1679 1952 fiunt,
1716 1904 1764 1940 ut
1796 1912 1850 1941 ex
1884 1901 2021 1940 Gallis
2052 1902 2095 1939 et

469 1977 685 2017 eiusmodi
715 1977 1081 2026 occidentalibus,
1113 1979 1188 2017 aut
1214 1988 1269 2016 ex
1295 1978 1432 2017 fuscis
1458 1977 1686 2031 sublividi,
1715 1980 1764 2017 ut
1791 1988 1846 2017 ex
1874 1977 2096 2017 Armeniis

471 2056 515 2093 et
548 2054 645 2092 aliis
678 2053 978 2095 orientalibus.

526 2140 581 2168 UT
620 2140 723 2175 Qum
757 2141 924 2168 EMERIM
956 2140 1126 2168 EGOMET
1160 2140 1350 2170 NESCIAM
1386 2129 1608 2170 ‘nesciam’
1641 2141 1717 2180 pro
1752 2129 1851 2169 ‘non
1883 2131 2091 2170 memine-

470 2206 569 2245 rim‘
603 2206 672 2245 vel
705 2206 806 2245 ‘non
840 2207 1106 2255 agnoscam'.

531 2284 549 2320 1
585 2293 670 2321 EHO
704 2293 760 2321 TU
792 2293 897 2321 amm
927 2292 1008 2321 EGO
1042 2293 1093 2321 ΤΕ
1128 2283 1238 2322 miro
1272 2283 1502 2322 stomacho
1535 2283 1650 2331 quod
1682 2283 1775 2332 ipse
1805 2283 1929 2336 fecit,
1962 2283 2002 2322 id
2036 2293 2091 2322 ex

473 2358 558 2397 alio
600 2359 752 2398 audire
789 2361 973 2397 conatur
1006 2361 1066 2407 et,
1103 2359 1240 2398 donec
1271 2359 1378 2398 haec
1411 2359 1578 2408 audiat,
1613 2369 1668 2398 an
1701 2359 1809 2398 haec
1840 2359 1993 2398 fecerit
2024 2360 2094 2398 du·

471 2434 597 2473 bitat.
633 2435 657 2473 2
691 2445 794 2473 mna
827 2445 928 2473 MIHI
961 2445 1105 2474 DENUO
1139 2445 1420 2474 RESPONDEAT
1452 2435 1534 2474 hoc
1572 2438 1640 2474 est
1672 2435 1785 2483 quod
1817 2435 1860 2474 in
1894 2435 2090 2474 Rhetori-

471 2511 534 2550 cis
568 2509 717 2550 Cicero
749 2511 824 2549 ‘ait
852 2513 1004 2550 contra
1031 2510 1206 2550 firmam
1236 2512 1672 2560 argumentationem
1701 2511 1836 2552 aliam
1863 2522 1999 2561 aeque
2026 2511 2091 2551 fir-

472 2597 593 2626 mam
638 2588 714 2625 aut
756 2585 997 2626 firmiorem
1034 2588 1325 2636 opponamus‘
1362 2587 1433 2634 (cf.
1467 2587 1520 2626 de
1550 2588 1640 2629 inv.
1679 2589 1715 2628 1.
1750 2589 1850 2637 96);.
1877 2589 1985 2628 haec
2016 2588 2090 2637 igi-

472 2665 543 2702 tur
569 2663 636 2701 est
663 2672 798 2709 aeque
830 2661 971 2702 firma.
1003 2662 1180 2702 ‘Denuo’
1210 2665 1360 2702 autem
1389 2663 1442 2702 ad
1462 2663 1755 2713 ‘respondeat'
1774 2664 1982 2714 pertinet,
2006 2673 2089 2704 non
2183 2628 2241 2726 ¹¹115

472 2738 524 2777 ad
559 2736 711 2777 ‘mihi'.
2182 2769 2183 2789 ¹

644 2821 780 2848 nmmo
810 2822 1072 2849 RESPONDEAT
1102 2813 1208 2850 ‘iube
1239 2814 1485 2856 <denuo>'
1517 2824 1597 2851 non
1628 2814 1739 2851 ‘mihi
1768 2815 1912 2850 denuo·
1941 2814 2090 2851 intelle-

592 2867 768 2910 gendum
799 2867 876 2902 est.

526 2947 642 2976 RoeA
683 2937 794 2977 inire
832 2939 1060 2986 utriusque
1085 2937 1245 2978 fiducia
1273 2939 1496 2979 confertur
1529 2941 1573 2979 et
1606 2940 1718 2989 apud
1752 2939 1988 2989 utrumque
2020 2940 2088 2979 est
2180 2951 2182 2982 ι
2214 2933 2242 2992 ,ςῆ

472 3013 649 3063 veritae,
683 3023 783 3052 cum
816 3015 1002 3062 uterque
1033 3014 1227 3054 fallatur.
2178 3010 2229 3154 Ψ
