2242 3443
347 257 534 285 ‘mmmm
1184 245 1269 282 306

343 1235 416 1272 277

343 1359 419 1395 278

342 1421 418 1457 279

345 2843 420 2879 281

344 2905 420 2941 282

347 2966 423 3002 288

347 3027 422 3063 288

348 3089 425 3124 289

348 3148 425 3185 290

448 371 534 407 733.
583 371 679 406 Eun.
721 369 770 406 93
810 372 883 410 etc,
929 369 991 403 ubi
1034 378 1234 412 nusquam
1278 371 1459 403 Donatus
1498 370 1646 412 aliquid
1685 368 1908 404 adnotavit.
1953 367 2114 406 Facitne

451 434 486 468 li.
506 433 558 467 Ι.·.)
597 434 659 468 est
697 432 801 476 quod
841 431 1014 474 dubites,
1057 439 1146 465 cum
1179 430 1245 473 ‘nii
1276 431 1495 474 ἀττικισμῷ’
1524 430 1570 466 de
1600 429 1675 465 liac
1703 429 1833 474 figura
1863 429 1998 465 minus
2026 439 2112 466 con·

450 495 596 539 veniat,
628 495 671 529 ut
702 492 933 529 observavit
962 491 1125 527 Wessn.
1157 491 1195 526 in
1227 501 1317 535 app.
1359 491 1414 527 De
1442 491 1571 536 figura
1599 495 1653 535 τῷ
1677 493 1879 535 ἀττικισμῷ
1905 491 1952 527 cf.
1977 491 2064 528 476.
2090 491 2114 528 5

450 556 556 600 (ibid.
587 555 610 591 7
642 559 695 599 τῷ
726 556 956 597 ἰδιωτισμῷ).
987 553 1088 591 Eun.
1118 553 1179 589 45.
1216 552 1304 589 284.
1341 556 1372 589 l.
1405 553 1500 589 Hec.
1532 553 1620 589 504.
1652 552 1687 589 3.
1720 552 1790 591 Ph.
1821 552 1910 589 223.
1943 553 1977 589 1.

450 618 473 654 3
504 627 612 653 inere
643 617 748 652 rhet.
779 615 824 651 cs.
858 615 956 650 Don.
988 614 1078 651 276.
1111 615 1143 650 1.

502 681 526 715 4
564 678 729 722 falsum;
761 679 853 722 post
883 677 980 712 ‘tam
1011 677 1059 713 ob
1091 676 1298 720 parvolam
1330 675 1428 712 rem’
1464 676 1559 712 nihil
1590 677 1701 713 deest
1731 679 1771 712 et
1801 678 1894 721 post
1923 673 2064 721 ‘paene
2092 685 2114 713 e

450 740 593 785 patria·
624 740 735 775 deest
766 739 948 783 ‘fugere',
979 740 1025 774 ut
1055 739 1120 774 est
1149 738 1186 773 in
1219 738 1308 774 275.
1340 739 1375 773 1.

501 802 564 838 2c1
602 801 724 837 verba
760 800 912 836 Graeca
950 799 1101 844 expuli,
1137 799 1304 835 omissio
1335 799 1445 835 verbi
1475 799 1755 844 profugere
1786 809 2040 844 nequaquam
2069 799 2115 836 fit

451 865 687 907 εὐφημισμοῠ
725 863 850 905 χάριν;
892 861 1041 897 valeret
1071 861 1302 897 observatio
1334 861 1485 897 Graeca
1515 861 1549 897 si
1579 861 1780 898 omissum
1811 861 1955 897 fuisset
1985 860 2114 898 ‘mori'

450 925 511 961 vel
543 923 709 969 ‘perire’,
734 924 837 967 quod
862 926 949 959 erat
973 923 1012 958 in
1039 923 1278 969 Menandro;
1306 925 1344 958 et
1370 923 1461 958 hinc
1484 922 1660 959 fortasse
1685 933 1754 968 per
1777 933 1955 959 errorem
1980 924 2114 960 ortum

449 989 510 1023 est
541 986 737 1022 scholium
766 985 894 1030 2744,
928 985 1032 1019 unde
1061 984 1261 1020 emblema
1290 985 1328 1020 in
1360 985 1448 1021 275.
1476 985 1499 1021 2
1525 987 1789 1029 repetendum
1815 985 1903 1021 erit.
1928 984 2114 1021 Ceterum

449 1048 493 1084 cf.
520 1057 621 1092 quae
647 1048 692 1082 de
718 1048 780 1081 his
806 1046 968 1082 scholiis
993 1046 1200 1090 disputavi
1226 1048 1368 1082 contra
1393 1047 1640 1092 Struckium,
1666 1047 1704 1082 in
1722 1047 1866 1082 Mnem.
1883 1045 1945 1082 39.
1966 1046 2038 1083 177
2055 1055 2114 1090 sq.

505 1111 522 1146 1
560 1109 756 1145 scholium
798 1108 930 1144 minus
972 1108 1146 1152 pertinet
1180 1109 1227 1144 ad
1273 1118 1308 1144 v.
1349 1109 1572 1154 peccavi,
1603 1119 1724 1153 quam
1763 1109 1810 1144 ad
1851 1107 1987 1144 omnia
2013 1117 2115 1152 quae

449 1173 707 1217 praecedunt,
735 1170 781 1206 cf.
814 1170 902 1207 272.
934 1170 956 1206 3
1056 1170 1079 1206 2
1108 1170 1198 1206 vide
1227 1171 1275 1206 ad
1307 1170 1383 1207 272
1415 1172 1454 1207 et
1483 1171 1548 1208 61.
1581 1171 1614 1206 1.

505 1235 523 1270 1
555 1233 600 1270 cf.
630 1234 679 1269 ad
708 1233 777 1268 Ph.
809 1232 885 1268 922
983 1232 1005 1269 3
1036 1231 1241 1269 conclusio
1271 1242 1342 1277 per
1371 1242 1492 1277 ergo
1523 1233 1626 1269 satis
1657 1233 1801 1278 otiosa,
1832 1232 1923 1268 vide
1950 1232 2000 1268 ad
2028 1230 2114 1268 125.

450 1298 473 1332 4
503 1295 733 1332 coniectura
761 1305 783 1330 a
811 1303 853 1330 re
880 1293 1010 1330 aliena
1039 1295 1180 1330 contra
1208 1294 1308 1330 Don.
1339 1294 1374 1330 2.

501 1358 525 1395 5
555 1357 715 1403 falsum,
744 1357 860 1392 iuxta
891 1356 991 1392 Don.
1022 1357 1058 1392 4.

503 1420 526 1456 2
557 1420 750 1464 Donatus,
781 1420 826 1454 ut
855 1418 1050 1454 Dziatzko
1076 1418 1234 1463 aliique,
1260 1419 1381 1455 verba
1410 1419 1467 1455 sic
1492 1418 1697 1454 distinxit:
1725 1419 1788 1454 ‘ne
1811 1418 2116 1462 (Madvigznon)
2185 1421 2214 1479 ξ.

448 1484 534 1518 tam
571 1481 744 1527 quidem,
781 1490 903 1525 quam
943 1484 1009 1523 (=
1025 1483 1240 1526 quantum)
1278 1481 1373 1526 vis';
1414 1481 1531 1517 hodie
1569 1481 1744 1517 editores
1772 1480 1854 1517 fere
1882 1480 2117 1525 conspirant
2189 1481 2217 1501 ‘³

443 1545 483 1580 in
513 1544 615 1580 hanc
643 1543 878 1580 lectionem:
910 1544 973 1579 ‘ne
1001 1545 1086 1579 tam
1116 1544 1288 1588 quidem,
1319 1544 1506 1587 quamvis
1537 1544 1660 1580 etiam
1684 1553 1828 1579 maneo
1853 1542 2011 1579 otiosus
2026 1541 2115 1588 hic',

445 1608 491 1642 ut
529 1607 625 1642 ordo
663 1606 737 1641 slt:
776 1605 978 1650 ‘quamvis
1012 1605 1170 1641 otiosus
1201 1606 1324 1642 etiam
1353 1606 1456 1650 <Sps
1488 1605 1606 1647 noch)
1635 1615 1780 1642 maneo
1809 1604 1884 1641 hic'
1913 1605 1969 1641 De
1997 1604 2117 1650 parti-

445 1668 533 1704 cula
563 1668 712 1704 ‘etiam'
745 1668 927 1704 Donatus
956 1668 1138 1704 incertus
1168 1668 1322 1713 haeret⁷
1353 1668 1459 1703 sitne
1488 1668 1724 1703 adverbium
1753 1676 1824 1712 per
1853 1676 1897 1703 se
1924 1667 2115 1713 positum,

445 1740 523 1774 quo
555 1730 705 1766 Sannio
749 1730 1054 1766 consentiat
1095 1731 1198 1775 Syro
1230 1740 1273 1765 se
1303 1739 1522 1774 properare
1550 1729 1591 1765 in
1621 1729 1814 1775 Cyprum,
1844 1726 2007 1771 (‘etiam'
2033 1727 2115 1765 scil.
2171 1773 2177 1776 ι

449 1792 674 1837 ‘propero')‚
715 1801 762 1827 an
802 1792 1047 1837 coniunctio,
1085 1793 1296 1837 pertinens
1334 1792 1527 1828 nimirum
1555 1793 1603 1828 ad
1632 1792 1876 1837 praecedens
1903 1789 2116 1836 ‘quamvis’
2179 1809 2182 1813 ·

447 1857 514 1896 (=
530 1854 742 1898 ‘quantum
772 1853 850 1898 vis)
880 1854 1004 1890 etiam
1035 1864 1251 1899 properare
1279 1854 1370 1899 me',
1400 1855 1568 1891 tametsi
1592 1855 1682 1890 eius
1706 1853 2008 1899 interpretatio:
2026 1853 2118 1897 ‘qua

447 1915 650 1960 significat
681 1915 782 1959 sqq.'
813 1915 910 1950 mihi
940 1926 1020 1951 non
1052 1926 1221 1961 prorsus
1247 1916 1462 1961 perspicua
1487 1919 1563 1952 est.
1587 1916 1699 1952 Idem
1723 1915 1943 1952 in3verba
1957 1915 2115 1951 ‘maneo

444 1978 603 2014 otiosus
643 1977 720 2013 hic·
760 1977 1108 2013 asseverationem
1144 1988 1236 2014 esse
1265 1978 1357 2014 dicit
1385 1978 1542 2014 lenonis
1573 1979 1804 2023 separatam
1833 1977 2117 2022 a‘praeceden·

444 2040 554 2075 tibus
592 2039 776 2075 eiusdem
818 2039 963 2075 verbis.
1003 2039 1117 2075 Alius
1152 2039 1374 2076 scholiasta
1403 2040 1441 2075 in
1476 2041 1494 2076 1
1525 2040 1638 2076 iuxta
1671 2039 1817 2076 Donati
1844 2039 2115 2075 coniecturam

446 2101 538 2143 (‘vel
579 2101 906 2143 consentientis')
950 2101 1070 2137 aliam
1114 2102 1304 2146 proponit
1348 2102 1439 2144 (⁴vel
1480 2102 1717 2138 adverbium
1757 2101 1990 2144 hortantis’)
2021 2101 2062 2138 h.
2089 2100 2113 2136 1.

450 2173 617 2208 prorsus
650 2163 804 2215 falsam,
835 2164 903 2199 sed
936 2165 1144 2208 sumptam
1175 2173 1224 2200 ex
1262 2164 1415 2200 scholio
1448 2164 1594 2200 Donati
1623 2165 1670 2200 ad
1700 2165 1774 2199 An.
1805 2163 1894 2200 849.
1925 2162 1949 2199 2
1977 2162 2038 2204 (cf.
2065 2162 2114 2198 ad

448 2225 543 2262 Hec.
583 2224 671 2261 811.
711 2225 761 2267 2).
802 2225 935 2261 Schol.
975 2226 998 2261 4
1036 2226 1166 2261 eidem
1205 2227 1464 2262 tribuendum
1504 2236 1596 2263 esse
1624 2226 1794 2262 videtur.
1824 2225 2014 2269 Legimus
2041 2224 2114 2260 ibi:

449 2287 565 2323 ‘dixit
601 2287 709 2322 enim
749 2287 846 2329 (scil.
883 2287 987 2329 leno)
1025 2288 1236 2333 ‘propero',
1275 2289 1382 2333 quod
1410 2288 1557 2324 falsum
1586 2289 1663 2332 est,
1691 2288 1781 2324 leno
1811 2297 2012 2331 nusquam
2041 2286 2116 2322 hoc

450 2349 573 2392 dixit;
601 2349 714 2384 dein:
746 2349 800 2385 ‘et
829 2359 994 2385 rursum
1023 2352 1301 2386 consenserat’
1328 2361 1429 2395 sqq.,
1455 2361 1556 2395 quae
1579 2352 1651 2386 aut
1674 2349 1885 2394 dittologia
1909 2351 2008 2385 sunt
2023 2349 2116 2394 post

447 2411 659 2456 ‘propero’,
689 2412 759 2446 aut
788 2411 920 2447 denuo
949 2410 1050 2447 falsa
1079 2411 1315 2457 perhibent;
1345 2412 1564 2448 cohaerent
1592 2413 1731 2448 autem
1759 2411 1859 2447 haec
1882 2420 1974 2446 cum
1997 2411 2115 2446 inter-

449 2473 676 2517 pretatione
704 2476 772 2507 τοῦ
803 2473 953 2509 ‘etiam'
983 2473 1022 2509 in
1056 2474 1089 2509 1.
1119 2474 1287 2510 Initium
1319 2474 1461 2510 scholii
1491 2475 1515 2509 4
1542 2462 1779 2518 corruptum
1810 2475 1886 2520 est,
1914 2473 1984 2509 sed
2015 2470 2115 2509 satis

450 2534 704 2580 perspicuum
749 2537 824 2580 est,
869 2535 1130 2572 scholiastam
1172 2536 1235 2572 hic
1277 2536 1543 2573 confirmasse
1585 2535 1784 2572 scholium
1823 2535 1924 2571 Don.
1963 2534 1999 2579 3,
2036 2532 2115 2570 nisi

448 2597 553 2640 quod
596 2605 667 2640 pro
711 2597 1117 2633 asseveratione
1161 2607 1264 2633 usus
1303 2599 1366 2634 est
1404 2607 1500 2634 voce
1539 2596 1944 2633 exclamatione.
1972 2596 2114 2640 Itaque
2184 2629 2193 2639 ‚

450 2658 634 2702 suspicor
673 2659 759 2694 eius
793 2659 915 2694 verba
943 2658 1025 2695 fere
1055 2660 1152 2695 haec
1180 2660 1327 2696 fuisse:
1368 2659 1632 2696 ‘Exclamatio
1671 2658 1918 2703 negantis
1957 2657 2112 2694 ‘maneo

451 2719 607 2755 otiosus
643 2719 732 2763 hic',
774 2720 950 2765 vestigia
986 2723 1154 2757 secutus
1193 2722 1404 2758 Wessneri
1440 2721 1480 2758 in
1519 2722 1622 2766 App.
1662 2730 1699 2766 p.
1739 2720 1815 2757 494
1851 2717 2112 2764 corrigentis:

457 2781 601 2827 „haec
640 2781 879 2818 exclamatio
909 2783 1135 2827 negandi
1162 2783 1261 2818 vim
1291 2783 1464 2829 habet,
1493 2783 1592 2827 sqq!

505 2842 528 2878 2
554 2842 684 2878 ‘heus’
714 2843 789 2878 An.
820 2843 907 2880 636.
943 2844 975 2879 1.
1059 2843 1082 2880 3
1111 2844 1146 2880 ci
1189 2844 1276 2881 259.
1307 2845 1343 2891 2,
1373 2845 1460 2882 270.
1491 2844 1528 2881 3.

504 2904 528 2940 2
556 2904 741 2940 ‘irritari'.
772 2906 847 2939 An.
877 2904 965 2941 597.
995 2905 1031 2941 4.
1062 2905 1132 2941 Ph.
1164 2907 1252 2942 240.
1286 2906 1319 2941 1.
1404 2906 1429 2942 2
1457 2917 1482 2942 a
1505 2905 1643 2951 expuli
1671 2905 1881 2941 emblema.

505 2965 527 3001 3
559 2965 660 3001 Eun.
696 2965 796 3001 1043
827 2968 866 3002 et
900 2965 1012 3002 1044.

508 3027 526 3061 1
558 3026 604 3062 cf.
636 3026 724 3063 297.
756 3027 790 3062 3.
875 3027 897 3064 3
929 3030 1003 3063 An.
1037 3029 1124 3064 206.
1156 3029 1191 3066 2.
1276 3031 1299 3065 4
1329 3030 1374 3065 cf.
1407 3029 1495 3066 353.
1526 3029 1550 3065 2
1578 3030 1618 3064 et
1649 3029 1749 3065 Eun.
1780 3027 1868 3064 656.
1902 3027 1934 3063 1.

508 3088 527 3123 1
563 3088 664 3126 Eun.
696 3088 806 3125 1073.
841 3089 874 3133 1,
904 3088 1002 3127 Hoc.
1034 3090 1122 3125 458.
1158 3092 1188 3125 1.
1275 3091 1298 3127 2
1328 3102 1351 3125 α
1382 3092 1571 3132 otiosum,
1602 3090 1649 3127 cl.
1677 3090 1726 3125 ad
1756 3089 1818 3125 74.
1853 3089 1885 3124 1.

507 3147 531 3184 2
559 3149 607 3183 ad
639 3150 714 3184 An.
743 3148 829 3185 727.
