2242 3443
8 1255 15 1289 v.
11 1175 16 1183 1
13 1145 17 1152 i
23 1120 25 1128 ᾇ
11 1069 17 1105 .-2
0 783 21 1043 -‚-..›2....-....‚--.,.

986 175 1068 214 301

255 298 441 343 usurpari
483 298 521 333 in
565 298 709 334 bonam
749 299 788 333 et
826 298 972 334 malam
1002 300 1157 342 partem
1187 299 1260 334 ita
1290 300 1334 334 ut
1365 299 1560 342 significet
1591 310 1693 335 rem
1724 310 1903 336 novam

251 359 390 403 facere,
421 360 510 395 dein
544 359 914 403 designatores
946 360 1121 395 adhiberi
1150 360 1188 394 in
1220 361 1322 395 ludis
1352 360 1585 396 funebribus
1611 363 1649 396 ct
1666 363 1904 406 spectaculis

253 422 294 456 et
319 420 478 465 litibus;
507 421 611 456 hanc
639 422 776 457 autem
807 421 1142 465 significationem
1171 422 1351 457 conciliat
1381 431 1470 457 cum
1500 422 1565 457 illa
1593 433 1693 466 quae
1719 426 1782 459 est
1806 425 1903 459 ‘rem

254 492 401 518 novam
430 483 568 519 facere’
598 492 667 527 per
696 482 965 518 coniecturam
996 484 1097 518 satis
1126 483 1269 518 miram
1297 483 1454 528 ipsique
1481 493 1561 519 non
1586 486 1734 519 certam
1760 485 1906 529 (‘credo

253 545 301 579 ob
330 544 434 580 hanc
462 545 666 588 causam').
696 544 742 579 In
774 544 797 580 2
825 546 866 580 01
894 544 917 580 3
948 545 1167 580 scholiasta
1194 545 1294 580 alter
1318 547 1480 581 easdem
1495 545 1576 581 fere
1592 546 1904 589 significationes

253 607 556 650 commemorat,
587 606 657 640 sed
691 605 766 641 alio
795 606 932 641 ordine
961 608 1081 649 atque
1111 606 1200 642 silet
1231 607 1276 642 de
1305 606 1546 650 spectaculis
1576 607 1653 642 nisi
1675 608 1779 650 quod
1796 617 1906 644 voca-

251 667 390 702 bulum
420 667 727 712 spectaculo
757 667 856 703 mire
884 667 1076 703 inseruit:
1108 669 1145 702 in
1177 667 1200 703 3
1229 668 1313 702 suis
1345 669 1477 703 verbis
1507 667 1684 711 loquitur
1712 670 1759 704 de
1787 670 1904 713 signi-

251 728 434 765 ficatione
462 729 502 764 in
532 729 678 764 bonam
707 730 748 765 et
777 729 925 764 malam
954 731 1110 773 partem
1129 728 1167 774 ¹),
1195 730 1234 764 in
1264 729 1288 764 2
1317 730 1364 765 de
1394 730 1719 773 designatoribus
1744 731 1904 766 inludis

250 790 498 837 funebribus,
543 790 609 825 ubi
650 790 962 826 ‘multitudinem
991 791 1182 826 retinent'
1212 790 1326 833 (Don.
1356 792 1414 826 ‘ut
1443 792 1584 827 turbae
1613 792 1905 835 retineantur').

247 852 318 888 Ille
347 855 484 889 autem
513 853 652 888 contra
680 853 883 888 Donatum
912 852 985 888 has
1015 852 1330 895 significationes
1354 853 1537 889 conciliat
1552 854 1784 889 coniectura
1800 864 1903 898 pror-

250 923 322 950 sus
351 915 530 950 inaudita
559 914 611 955 (in
641 913 665 950 2
691 915 771 959 111.),
803 914 953 950 scilicet
981 915 1258 958 designare
1287 914 1469 959 intellegi
1497 915 1733 951 contrahere
1758 917 1797 952 et
1814 926 1904 952 con-

246 977 389 1013 ducere
416 975 612 1021 populum
642 977 681 1011 in
712 985 851 1019 unum,
882 977 985 1020 quod
1014 975 1069 1011 illi
1097 976 1308 1020 contingat
1336 976 1402 1020 qui
1430 976 1581 1020 flagitio
1610 976 1741 1021 aliquo
1770 987 1839 1013 ora
1862 977 1901 1012 in

251 1047 295 1074 se
324 1038 534 1075 convertit.

302 1100 456 1136 Nonius
495 1110 531 1144 p.
569 1099 629 1135 96.
662 1099 686 1135 5
713 1100 810 1135 citat
838 1109 1004 1136 versum
1034 1100 1197 1135 Terenti
1225 1101 1266 1135 et
1294 1100 1403 1135 verbi
1433 1100 1766 1144 significationem
1796 1104 1901 1136 recte

249 1162 306 1198 sic
334 1162 527 1207 explicat:
560 1163 663 1197 ‘cum
694 1163 791 1197 nota
817 1166 940 1205 atque
966 1161 1189 1206 ignominia
1218 1161 1363 1206 aliquid
1391 1162 1545 1207 facere’,
1569 1162 1614 1198 cf.
1640 1162 1770 1198 Plauti
1785 1163 1901 1198 Most.

248 1221 336 1258 413.
375 1222 488 1258 Sitne
525 1233 718 1267 umquam
760 1223 984 1259 adhibitum
1016 1223 1055 1258 in
1085 1224 1231 1259 bonam
1262 1226 1431 1268 partem,
1460 1223 1569 1259 nullo
1597 1224 1783 1268 exemplo
1813 1233 1897 1259 con-

247 1284 443 1320 firmatur.
472 1285 753 1321 Pseudo-Acro
778 1286 826 1321 ad
849 1285 946 1321 Hor.
972 1286 1042 1330 Ep.
1071 1285 1102 1320 1.
1130 1285 1164 1321 7.
1192 1285 1234 1321 6:
1268 1285 1555 1329 ‘Dissignat
1571 1295 1685 1321 ores
1715 1286 1900 1322 dicuntur

248 1346 316 1390 qui
352 1347 400 1382 ad
436 1346 566 1383 locum
606 1347 754 1389 (lucum
767 1346 803 1395 Ῥ)
834 1347 1026 1383 Libitinae
1054 1347 1235 1383 funebria
1264 1348 1508 1392 praestanda
1536 1348 1826 1392 conducuntur,
1857 1350 1903 1383 ut

245 1407 419 1443 defuncti
447 1418 537 1444 cum
562 1409 715 1445 honore
740 1408 978 1453 efferantur;
1005 1409 1141 1445 aliter:
1169 1409 1460 1453 dissignatores
1484 1409 1671 1445 funerum
1696 1409 1900 1454 mancipes

248 1470 288 1505 e't
317 1469 583 1516 ordinatores,
612 1480 706 1506 nam
737 1471 943 1515 dissign
958 1481 1042 1507 are
1071 1473 1134 1507 est
1160 1471 1355 1516 ordinare,
1381 1472 1486 1507 unde
1508 1472 1548 1507 et
1564 1471 1630 1515 qui
1644 1471 1751 1507 locos
1769 1473 1846 1514 (sic)
1862 1472 1902 1506 in

248 1531 418 1568 theatris
447 1533 746 1576 spectatoribus
774 1532 1080 1578 distribuebant,
1110 1533 1497 1578 dissignatores
1527 1534 1770 1570 dicebantur.
1787 1533 1899 1569 Prae-

247 1594 358 1629 terea
388 1595 452 1630 est
479 1594 684 1638 dissign
700 1604 786 1630 are
815 1595 1070 1640 confundere,
1100 1599 1145 1630 ut
1173 1597 1212 1631 et
1240 1597 1318 1632 iste
1348 1595 1458 1630 alibi:
1490 1595 1588 1638 Quid
1617 1605 1697 1631 non
1727 1595 1899 1631 ebrietas

247 1655 445 1700 dissignat
458 1656 489 1691 ‘?’
519 1656 588 1700 Ep.
623 1656 655 1692 1.
687 1656 722 1692 5.
756 1656 814 1702 16,
844 1657 891 1692 ad
922 1666 1039 1700 quem
1067 1657 1200 1693 locum
1229 1660 1365 1693 tamen
1395 1658 1498 1693 idem
1529 1657 1765 1693 scholiasta:
1797 1657 1898 1692 ‘dis-

247 1717 427 1761 signat
455 1718 608 1762 aperit'.

298 1778 487 1815 Formula
514 1780 618 1823 ‘ego
648 1780 784 1824 puto’
814 1780 853 1815 in
879 1779 902 1815 2
926 1780 1139 1816 adhibetur
1163 1781 1211 1816 ab
1227 1780 1525 1827 interpolatore,
1540 1782 1585 1816 ut
1601 1781 1648 1816 ad
1664 1781 1739 1816 An.
1756 1780 1843 1817 410.
1861 1780 1898 1824 5,

245 1840 337 1876 alibi
364 1841 412 1876 ab
441 1842 532 1885 ipso
560 1842 718 1878 Donato
747 1852 780 1877 e.
812 1852 849 1886 g.
879 1843 979 1878 Eun.
1011 1843 1097 1879 786.
1130 1842 1165 1887 2,
1195 1844 1271 1879 An.
1303 1842 1394 1881 510.
1423 1842 1459 1887 23
1489 1844 1562 1878 Ad.
1592 1842 1678 1879 259.
1710 1842 1745 1877 2.

167 1902 216 1938 88
298 1902 438 1946 Ruga:
469 1903 737 1948 ‘exaggerans
768 1904 880 1940 dicit:
911 1904 1016 1940 fores
1045 1904 1212 1949 effregit'
1242 1906 1336 1941 cett.

166 1965 216 2001 89
298 1963 323 1999 2
350 1966 391 2000 et
423 1964 446 2001 3
471 1965 617 2001 merito
643 1965 821 2001 laudavit
849 1966 999 2002 Kauer.

164 2026 217 2062 90
299 2027 318 2063 1
349 2036 374 2062 α
402 2027 449 2062 (10
476 2027 551 2062 1100
579 2027 730 2064 scholio
758 2028 845 2063 vide
873 2027 976 2064 infra
1004 2029 1094 2064 adn.
1124 2029 1183 2064 ad.
1213 2028 1308 2064 Hec.
1340 2028 1401 2064 65.
1484 2028 1508 2063 4
1537 2027 1659 2064 schol.
1685 2027 1741 2062 sic
1767 2026 1895 2062 lauda-

245 2087 302 2124 vit
344 2087 483 2124 Kauer
519 2098 556 2133 p.
600 2088 647 2126 15
675 2090 784 2125 adn.:
817 2090 946 2125 wobei
975 2090 1066 2125 mit
1095 2091 1181 2125 der
1208 2091 1374 2126 Donat
1404 2090 1623 2134 eigenen
1654 2088 1895 2124 Feinheit

245 2150 341 2185 und
382 2149 550 2186 Kiirze
593 2152 685 2187 dass
723 2151 982 2187 wesentliche
1019 2151 1595 2196 Unterscheidungsmerkmal
1632 2150 1896 2194 hervorgeho-

246 2211 321 2248 ben
349 2212 461 2247 wird.

166 2274 214 2310 91
297 2273 400 2310 rhet.
491 2275 541 2310 92
571 2275 617 2310 de
647 2274 746 2310 ‘hoc’
777 2274 825 2310 cf.
853 2275 1003 2310 Kauer.
1085 2277 1135 2312 95
1168 2276 1186 2311 1
1216 2276 1420 2312 antitheta
1448 2275 1549 2311 satis
1578 2274 1780 2318 languida.

246 2334 271 2371 2
295 2335 346 2378 cf.
373 2335 436 2372 73.
465 2335 501 2380 2,
531 2335 592 2372 84.
624 2335 659 2372 3.

163 2397 214 2433 96
297 2397 321 2434 2
343 2399 385 2434 01
408 2399 456 2435 97
483 2397 507 2433 2
531 2397 681 2433 similia
696 2397 896 2443 videntur,
913 2399 955 2433 at
970 2407 1049 2434 non
1067 2400 1177 2444 sunt,
1194 2398 1384 2434 differunt
1399 2397 1590 2443 epithetis
1605 2397 1710 2433 veris
1726 2406 1799 2432 suo
1816 2397 1896 2432 sin-

240 2459 427 2504 gulisque
451 2459 536 2495 loco
561 2468 651 2495 cum
679 2468 774 2494 cura
798 2458 1006 2494 adhibitis:
1034 2460 1138 2495 ‘cum
1162 2459 1454 2506 admiratione',
1479 2460 1728 2495 ‘ardentibus
1745 2457 1895 2503 oculis'‚

241 2520 413 2557 ‘infestis
429 2521 578 2557 oculis'.
591 2522 651 2557 Ad
667 2521 757 2557 962
773 2522 928 2557 semovi
943 2522 1264 2558 additamentum
1280 2532 1358 2558 non
1375 2531 1527 2567 verum,
1545 2531 1624 2557 non
1638 2520 1743 2556 enim
1755 2521 1895 2556 subau-

239 2582 405 2618 diuntur
432 2583 486 2618 illi
513 2583 721 2627 infinitiv13
752 2583 841 2618 vide
869 2583 916 2618 ad
944 2582 1005 2619 48.
1036 2582 1059 2619 3
1089 2586 1129 2619 et
1154 2583 1203 2619 55
1228 2584 1269 2619 et
1290 2584 1498 2619 Kauerum
1525 2584 1571 2618 ad
1596 2582 1634 2620 h.
1659 2592 1695 2617 v.
1722 2583 1814 2618 etv.
1832 2581 1893 2617 46.

241 2643 289 2679 111
327 2644 389 2681 97.
429 2645 451 2680 2
491 2645 647 2681 semovi
680 2644 1000 2680 additamentum
1028 2654 1097 2689 per
1125 2655 1250 2690 nam,
1279 2645 1515 2689 languidum
1545 2646 1584 2680 et
1612 2643 1772 2688 falsum,
1801 2653 1893 2678 nam

240 2705 351 2742 Micio
388 2706 486 2742 nihil
522 2706 765 2750 dissimulat,
808 2708 945 2750 aperte
982 2716 1144 2751 semper
1178 2707 1376 2751 loquitur;
1417 2706 1652 2742 ‘stomacho’
1683 2706 1892 2749 sumptum

243 2757 264 2803 0
293 2768 393 2804 Don.
424 2769 472 2804 ad
501 2768 564 2805 98.

161 2829 212 2865 99
296 2829 331 2865 1.
361 2829 385 2866 3
415 2830 503 2865 vide
533 2829 654 2875 praef.
684 2830 731 2865 de
760 2829 885 2867 schol.
916 2829 1115 2865 similibus
1146 2831 1193 2866 ad
1222 2830 1441 2874 Adelphos.

135 2891 211 2926 100
295 2891 314 2926 1
354 2891 453 2926 1111111
490 2892 615 2937 deest,
654 2890 698 2926 cf.
739 2890 875 2926 Kauer
912 2891 960 2925 ad
999 2890 1037 2926 h.
1066 2891 1111 2935 l.;
1142 2893 1188 2927 de
1217 2891 1503 2927 additamentis
1532 2899 1600 2934 per
1629 2890 1776 2925 deest
1804 2889 1892 2924 vide

237 2953 340 2988 infra
383 2952 457 2990 110
500 2954 539 2989 01
582 2953 672 2989 adn.
711 2953 760 2986 ad
802 2953 877 2987 An.
917 2952 978 2988 30.
1073 2952 1096 2988 2
1135 2954 1456 2989 additamentum
1487 2952 1663 2987 otiosum
1691 2951 1796 2986 illius
1826 2950 1893 2994 qui

157 3074 160 3076 ’
181 3076 204 3119 ¹)
230 3076 422 3112 Seholium
448 3089 470 3112 a
496 3076 640 3111 Kauero
666 3086 860 3119 perperam
888 3087 954 3119 pro
979 3075 1152 3112 Donateo
1176 3077 1332 3112 citatum
1357 3077 1428 3111 est.
