2242 3443
902 208 1159 236 PRAEFATIO.
1788 214 1899 241 XXIII

149 330 278 368 quam
322 320 531 369 legere,
577 320 714 359 veluti
756 321 808 359 ad
851 321 984 360 Andr.
1030 324 1077 360 5:
1114 323 1377 361 concitatius
1410 323 1642 371 legendum
1676 328 1760 374 est,
1796 328 1902 366 Hec.

149 395 255 433 502:
305 406 466 444 magno
513 397 700 443 pondere
735 397 995 445 legendum,
1040 397 1142 435 Pho.
1188 399 1291 437 175:
1335 399 1564 438 coniuncte
1598 400 1624 438 l.
1659 412 1708 449 e.,
1742 403 1816 440 sed
1850 414 1902 441 ex

147 469 298 508 multis
331 471 686 510 adnotationibus
713 474 892 520 apparet
921 472 1032 510 hanc
1060 472 1292 511 lectionem
1322 475 1373 512 ad
1392 474 1755 515 declamationem
1775 488 1903 526 prope

147 548 515 596 appropinquasse
547 549 683 596 deque
714 549 877 588 lectore
910 550 1043 588 etiam
1077 550 1356 597 aliquatenus
1390 551 1596 600 valuisse,
1626 553 1736 600 quod
1756 553 1903 601 Quinc-

145 621 326 661 tilianus
368 624 566 672 perhibet
607 625 657 663 de
700 627 893 673 oratore,
931 626 997 663 11.
1032 626 1070 663 3.
1106 626 1154 663 2:
1189 626 1388 665 adfectus
1416 637 1568 666 omnes
1596 628 1901 677 languescunt,

27 700 29 703 ’
81 721 87 725 -
148 698 233 737 nisi
275 708 379 737 voce
422 699 545 738 vultu
586 700 723 739 totius
764 710 897 748 prope
929 701 1080 739 habitu
1113 702 1307 749 corporis
1339 702 1621 741 inardescunt
1643 701 1681 748 1).
1716 704 1901 742 Pronun-

147 775 373 814 tiationem
416 776 577 815 vultu
623 779 908 824 gestuque
957 777 1337 815 adiuvandam
1372 787 1486 827 esse,
1521 779 1590 816 his
1621 779 1726 827 ipsis
1759 780 1903 817 verbis

147 850 302 890 docent
334 851 441 890 Eun.
475 851 531 890 89
568 853 586 890 1
622 854 663 890 et
703 853 784 891 130
818 853 856 899 2,
891 854 931 890 et
964 863 1048 899 qua
1085 853 1251 891 ratione
1289 853 1357 891 his
1398 854 1664 892 adiumentis
1691 855 1902 893 utendum

148 927 224 975 sit,
271 927 579 975 praescribitur
627 928 739 967 inter
780 928 890 967 alios
934 928 1001 966 his
1042 928 1172 966 locis:
1222 929 1357 967 Andr.
1399 930 1480 968 183
1519 931 1563 967 1:
1609 932 1653 968 et
1693 932 1819 978 gestu
1862 932 1904 968 et

147 1003 272 1042 vultu
319 1004 469 1042 servili
517 1004 627 1042 dixit
677 1014 777 1043 cum
824 1004 1061 1052 agitatione
1105 1004 1280 1052 capitis,
1320 1006 1403 1043 667
1439 1005 1486 1043 8:
1536 1006 1901 1053 pronuntiandum

149 1080 215 1117 est
257 1089 355 1118 cum
399 1080 508 1128 odio,
555 1080 639 1118 722
686 1082 704 1118 1
749 1090 911 1118 scaena
954 1081 1135 1118 actuosa
1178 1081 1293 1128 cett„
1336 1080 1443 1119 Eun.
1479 1082 1563 1120 773
1601 1084 1643 1119 1:
1678 1081 1803 1120 debet
1835 1082 1904 1120 hic

147 1164 245 1193 esse
288 1155 542 1194 vociferatio
579 1166 713 1194 vana:
748 1157 801 1194 ad
833 1157 913 1194 hoc
946 1158 991 1196 et
1024 1156 1206 1195 verbum
1240 1156 1396 1194 militis
1428 1167 1527 1195 cum
1561 1158 1746 1204 quodam
1779 1160 1902 1196 motu

146 1231 314 1279 ingenti
361 1234 462 1270 cett.
512 1233 621 1271 903:
669 1234 813 1272 totum
861 1233 1034 1280 garrule
1077 1235 1119 1271 et
1160 1233 1444 1280 gesticulose‚
1487 1235 1535 1271 ut
1575 1232 1763 1281 puellam
1803 1243 1900 1271 cum

146 1306 475 1346 adulescentulo
508 1307 694 1347 fabulari
728 1309 892 1347 videas.
930 1309 1041 1347 1002
1077 1309 1125 1347 2:
1159 1319 1260 1356 ergo
1293 1319 1478 1357 persona
1511 1309 1744 1347 cachinans
1785 1308 1901 1346 indu-

149 1383 260 1422 citur
300 1379 370 1434 (οἱ.
408 1384 535 1436 1007,
573 1384 699 1433 1011,
737 1385 862 1423 1017.
898 1386 961 1431 2);
997 1386 1040 1423 et
1072 1385 1237 1432 inspice
1270 1384 1435 1422 scholia
1466 1384 1517 1422 de
1549 1385 1901 1432 pronuntiatione

148 1459 352 1498 vultuosa
382 1460 434 1498 ad
467 1461 578 1499 And.
613 1461 712 1500 226.
751 1461 832 1500 183
866 1471 943 1508 sq.‚
980 1461 1077 1508 232,
1113 1461 1212 1507 363,
1247 1461 1333 1499 380
1366 1470 1443 1508 sq.‚
1479 1461 1576 1508 753,
1611 1461 1663 1498 ad
1695 1460 1800 1498 Eun.
1830 1461 1898 1509 89,

152 1536 248 1584 174,
298 1536 398 1584 224,
447 1537 532 1575 273
575 1547 653 1585 sq.‚
697 1537 796 1586 427,
841 1538 941 1584 469,
986 1537 1085 1584 472,
1128 1537 1226 1585 497,
1263 1537 1361 1583 523,
1397 1536 1496 1583 572,
1531 1536 1630 1588 610,
1665 1536 1762 1579 769,
1797 1536 1896 1584 908,

148 1611 249 1659 943,
278 1613 378 1652 948.
421 1612 499 1651 Est
531 1616 680 1651 autem
713 1612 788 1651 ubi
821 1613 1073 1660 adnotetur,
1108 1612 1315 1651 lectorem
1345 1611 1518 1650 fabulae
1547 1621 1631 1650 non
1659 1612 1698 1649 id
1727 1611 1901 1658 assequi

142 1696 282 1736 posse,
315 1688 428 1735 quod
459 1690 596 1727 actori
628 1690 671 1727 in
704 1699 865 1728 scaena
897 1689 1104 1737 contigit:
1138 1689 1247 1727 And.
1279 1689 1386 1727 310:
1423 1688 1519 1727 ‘hic’
1549 1690 1673 1736 gestu
1701 1688 1898 1727 scaenico

99 1797 102 1801 .
142 1762 302 1802 melius
343 1766 691 1814 commendatur,
734 1775 837 1804 nam
879 1766 986 1804 haec
1027 1766 1170 1813 magis
1211 1765 1531 1813 spectatoribus
1572 1774 1704 1812 quam
1746 1765 1898 1803 lectori

142 1839 304 1888 scripta
345 1842 461 1889 sunt,
505 1841 609 1880 Pho.
655 1842 764 1882 211:
810 1842 878 1881 hic
909 1841 1033 1880 locus
1067 1842 1228 1881 actoris
1259 1842 1402 1890 magis
1435 1851 1565 1888 quam
1599 1840 1773 1879 lectoris
1805 1842 1894 1878 est:

141 1915 386 1954 ostenditur
418 1917 534 1955 enim
568 1918 668 1958 cett.
691 1912 734 1962 2).

259 1991 304 2029 Si
346 1992 454 2030 vitia
495 1994 539 2031 et
582 2003 751 2032 errores
789 1994 1043 2042 typothetae
1076 1993 1284 2032 lectorem
1316 2002 1401 2031 non
1434 1993 1567 2030 nimis
1599 1992 1740 2031 multa
1772 1992 1898 2030 offen·

142 2066 273 2115 dunt,
316 2068 460 2115 gratia
501 2068 680 2107 debetur
713 2068 905 2116 collegae
939 2069 1213 2108 amicissimo
1245 2068 1281 2107 J.
1315 2067 1381 2106 W.
1415 2067 1574 2115 Beck,
1607 2067 1680 2114 qui
1711 2067 1899 2116 plagulis

142 2138 411 2190 corrigendis
442 2154 522 2183 nec
555 2154 640 2183 non
673 2145 780 2184 locis
812 2145 1026 2194 corruptis
1058 2145 1127 2184 hic
1159 2144 1247 2183 illic
1279 2144 1564 2182 emendandis
1589 2153 1763 2191 operam
1793 2143 1899 2181 mihi

142 2217 374 2264 praestitit.

259 2293 595 2334 Amstelodami.
958 2303 962 2306 ·
1559 2295 1612 2334 H.
1647 2294 1693 2333 T.
1725 2294 1777 2332 K.

236 2462 259 2504 ¹)
285 2462 340 2498 Cf.
363 2463 475 2499 etiam
501 2464 629 2506 Quint.
655 2465 685 2499 1.
709 2465 741 2499 8.
767 2465 798 2499 7.

232 2517 258 2559 2)
287 2516 445 2561 Reliqua
469 2518 614 2552 scholia
638 2518 683 2552 de
708 2517 1019 2562 pronuntiatione
1045 2517 1222 2560 leguntur
1245 2517 1292 2551 ad
1318 2517 1386 2551 hos
1413 2528 1487 2550 vss.
1512 2514 1731 2553 Andriae3
1752 2513 1830 2548 186.
1843 2513 1895 2551 96.

145 2568 225 2603 211.
261 2569 313 2604 16.
347 2570 402 2605 39.
438 2570 493 2605 46.
523 2571 578 2605 86.
609 2572 664 2606 95.
697 2571 776 2607 301.
799 2571 832 2605 5.
855 2570 909 2604 27.
934 2570 987 2604 43.
1012 2571 1066 2605 50.
1091 2570 1145 2604 83.
1170 2570 1252 2605 415.
1276 2570 1330 2604 20.
1354 2569 1408 2603 47.
1432 2569 1485 2603 602.
1509 2569 1563 2603 69.
1588 2567 1641 2601 77.
1666 2568 1718 2601 95.
1743 2566 1796 2600 98.
1818 2565 1894 2600 552.

145 2620 224 2656 613.
258 2622 313 2657 35.
347 2623 401 2658 82.
435 2624 490 2658 85.
526 2624 604 2659 708.
639 2624 672 2659 9.
706 2624 758 2659 19.
790 2624 844 2658 41.
876 2623 930 2657 44.
960 2624 1015 2658 51.
1038 2623 1094 2657 54.
1117 2624 1172 2657 59.
1195 2623 1248 2657 63.
1273 2623 1326 2657 64.
1351 2623 1407 2656 65.
1429 2621 1482 2656 67.
1506 2620 1560 2655 73.
1584 2620 1636 2654 87.
1663 2620 1740 2655 802.
1766 2619 1816 2651 15.
1840 2617 1894 2651 93.

145 2673 224 2708 915.
254 2675 308 2709 ⁶28.
340 2676 551 2711 Eunuchi
586 2678 640 2711 46.
664 2677 718 2711 83.
743 2677 798 2712 96.
822 2677 902 2712 151.
928 2676 984 2710 52.
1008 2676 1062 2711 56.
1087 2676 1140 2710 74.
1163 2675 1219 2710 87.
1243 2675 1298 2709 88.
1323 2675 1403 2710 208.
1427 2674 1481 2708 32.
1505 2674 1558 2707 313.
1582 2673 1636 2706 82.
1659 2673 1712 2705 83.
1738 2670 1791 2704 94.
1815 2670 1894 2705 312.

145 2726 198 2760 27.
228 2727 281 2762 37.
311 2728 366 2763 54.
397 2729 452 2764 56.
481 2730 536 2764 66.
561 2729 614 2764 79.
639 2729 721 2765 403.
747 2730 799 2764 13.
830 2729 881 2763 18.
904 2729 961 2764 64.
983 2729 1038 2764 66.
1061 2728 1115 2763 67.
1141 2728 1218 2763 539.
1243 2727 1297 2762 95.
1321 2727 1400 2761 602.
1425 2727 1477 2760 20.
1502 2726 1558 2760 36.
1581 2725 1635 2758 57.
1660 2724 1712 2757 76.
1738 2723 1815 2757 709.
1841 2722 1894 2755 11.

147 2778 198 2813 17.
222 2780 276 2814 33.
301 2781 355 2816 66.
380 2782 434 2816 72.
459 2782 537 2817 823.
561 2783 616 2817 58.
642 2783 697 2817 61.
721 2783 776 2818 86.
801 2781 907 2818 1007.
934 2782 987 2816 11.
1013 2781 1065 2816 17.
1089 2782 1144 2816 55.
1166 2780 1221 2815 56.
1244 2780 1298 2814 61.
