2242 3443
901 231 1156 259 PRAEFATIO.
1854 234 1896 260 IX

299 419 403 469 culi,
448 420 633 468 denique
675 420 821 459 verbis
862 420 1079 468 ambiguis
1112 430 1244 459 causa
1275 421 1486 460 asseritur
1519 421 1700 460 obscura
1731 422 1772 460 in
1806 423 1896 460 his:

299 494 366 534 ‘ne
408 495 589 534 amittat
620 496 712 534 vim
746 495 1027 544 vindicaturi,
1062 496 1098 534 si
1131 496 1358 535 rescierit‘.
1391 496 1502 534 Num
1539 496 1824 535 ‘vindicaturi’
1859 497 1899 535 in

299 580 476 610 servum
520 581 574 610 an
615 571 658 609 in
690 569 863 609 filium?
895 573 939 609 et
972 570 1053 609 ‘vis
1087 571 1361 610 vindicaturi'
1394 573 1516 610 estne
1548 571 1736 610 facultas
1768 572 1898 610 vindi-

299 646 457 685 candi?
478 641 505 691 1)
533 647 578 685 at
604 646 717 685 hanc
743 656 831 685 non
859 646 1125 693 amittimus,
1155 646 1230 684 sed
1258 646 1523 694 acquirimus
1550 647 1726 685 demum
1759 650 1898 695 post-

298 731 456 769 quam
491 721 605 761 male
637 721 801 761 factum
830 722 1104 761 rescivimus.
1132 722 1318 761 Laborat
1346 721 1476 769 igitur
1502 722 1717 760 scholium
1746 723 1899 761 iisdem

299 797 439 846 vitiis,
480 807 591 846 quae
633 798 676 836 in
720 798 789 836 28.
828 798 852 835 2
885 797 1263 846 deprehendimus,
1295 797 1488 836 Donatus
1518 798 1560 835 in
1598 799 1640 846 1,
1674 808 1750 846 pro
1782 808 1900 836 more

297 873 470 913 concise
498 875 693 912 mentem
722 873 993 923 exprimens,
1023 883 1102 912 nec
1129 883 1308 912 causam
1328 873 1513 911 asseruit
1531 882 1605 911 cur
1623 872 1741 911 Simo
1759 883 1902 911 coram

296 949 418 989 Davo
465 949 762 999 simulaverit,
804 950 953 998 utpote
994 949 1105 988 satis
1148 951 1364 998 apertam,
1403 950 1445 987 et
1477 948 1622 987 verbis
1656 944 1781 996 ‘quod
1814 949 1901 986 iam

299 1025 512 1073 probavit’
547 1025 738 1064 strictim
770 1025 934 1064 indicat
964 1024 1085 1064 senis
1117 1024 1410 1063 narrationem
1442 1025 1485 1062 in
1521 1024 1605 1062 130
1636 1034 1726 1072 sqq.

416 1100 749 1140 conclusionem
778 1101 829 1140 de
855 1101 923 1139 his
943 1101 1122 1140 scholiis
1141 1100 1293 1139 endem
1313 1109 1409 1139 esse
1427 1101 1615 1149 oportet,
1634 1110 1764 1147 quam
1782 1100 1905 1148 posui

299 1177 350 1216 de
383 1176 742 1227 praecedentibus
775 1177 828 1216 ad
863 1187 901 1216 v.
936 1177 1006 1216 28.

416 1253 580 1292 Multus
604 1253 666 1292 fui
692 1254 735 1292 in
761 1253 1003 1293 tractandis
1029 1253 1097 1292 his
1124 1253 1389 1292 scholiorum
1417 1252 1617 1301 syllogis,
1638 1262 1719 1300 quo
1737 1251 1905 1290 brevior

301 1339 397 1368 esse
430 1339 605 1378 possem
638 1329 681 1368 in
714 1329 1018 1378 sequentibus,
1053 1339 1163 1377 quae
1196 1329 1390 1368 eiusdem
1422 1330 1550 1368 notae
1583 1329 1696 1367 sunt.

156 1407 232 1444 246
306 1405 326 1443 1
371 1406 414 1444 et
456 1406 494 1444 2.
538 1405 754 1453 Excerpta
797 1416 851 1444 ex
887 1405 970 1444 alio
1005 1406 1195 1454 genuino
1229 1405 1296 1443 hic
1328 1415 1415 1443 non
1447 1414 1648 1452 agnosco.
1682 1402 1902 1442 Scholium

304 1482 323 1520 1
355 1481 532 1521 exhibet
559 1482 670 1530 quod
697 1482 948 1530 requiritur,
978 1481 1084 1520 nihil
1113 1481 1281 1528 minus;
1312 1481 1335 1519 2
1365 1481 1534 1520 sordide
1553 1480 1796 1519 confectum
1817 1481 1902 1527 est,

299 1567 401 1596 nam
429 1558 535 1597 haec
562 1568 648 1597 non
676 1561 746 1597 est
773 1554 885 1596 ‘alia'
914 1557 1195 1605 exclamatio,
1214 1557 1288 1596 sed
1307 1558 1394 1595 iarn
1413 1558 1566 1604 quarta
1584 1555 1682 1594 inde
1701 1565 1724 1593 a
1742 1565 1783 1593 v.
1803 1555 1902 1593 237.

156 1638 229 1674 708
298 1634 338 1672 4.
384 1638 458 1674 709
496 1635 532 1673 1.
566 1635 615 1672 In
648 1635 673 1672 4
707 1634 848 1682 prima
880 1633 1012 1673 verba
1045 1633 1134 1682 ‘pro
1167 1633 1290 1672 initio
1323 1632 1498 1671 sedulae
1530 1631 1792 1670 narrationis
1824 1630 1902 1668 hoc

299 1709 532 1749 sumimus’
560 1710 822 1759 respondent
849 1709 1050 1758 Spengeli
1075 1708 1442 1758 interpretationi:
1463 1707 1573 1746 ‘darf
1587 1707 1654 1745 ich
1672 1707 1731 1744 im
1748 1706 1903 1744 Ernste

298 1785 379 1823 mit
411 1785 476 1824 dir
508 1785 670 1825 reden’.
704 1785 990 1834 subiungitur
1021 1785 1107 1824 alia
1143 1784 1445 1833 interpretatio
1478 1783 1622 1821 minus
1655 1781 1902 1831 probabilis,

299 1861 347 1899 ut
378 1870 507 1910 saepe
540 1860 655 1901 alibi.
690 1861 739 1900 In
772 1862 871 1900 709.
909 1862 928 1900 1
964 1861 1007 1899 in
1039 1860 1125 1899 fine
1152 1860 1345 1899 redditur
1371 1858 1459 1898 fere
1486 1858 1658 1897 initium
1686 1856 1837 1896 scholii
1862 1857 1901 1904 4,

300 1936 378 1975 sed
419 1937 543 1976 deest
585 1937 885 1986 praecipuum,
927 1938 990 1981 (ut
1019 1937 1063 1975 in
1098 1936 1165 1974 28.
1202 1936 1226 1974 2
1261 1934 1367 1974 ‘sine
1399 1934 1618 1982 fastidio’),
1647 1942 1804 1981 nempe
1836 1932 1902 1970 ad·

303 2012 511 2052 iectivum
544 2012 750 2052 ‘sedulae'
783 2008 873 2062 (Sp.
907 2013 982 2051 ‘im
1012 2007 1214 2060 Ernste'),
1250 2021 1332 2059 quo
1359 2010 1470 2059 perit
1497 2009 1669 2058 propria
1696 2006 1902 2056 prooemii

299 2087 584 2137 significatio;
618 2089 744 2128 abest
769 2090 994 2138 praeterea
1022 2086 1329 2136 interpretatio
1358 2085 1507 2124 altera.
1534 2084 1670 2132 Igitur
1698 2084 1722 2121 4
1747 2082 1903 2129 integri

301 2166 345 2203 et
377 2167 575 2213 germani
606 2165 792 2205 formam
828 2164 1017 2213 exhibet,
1054 2165 1073 2203 1
1110 2163 1337 2202 claudicat.

158 2244 233 2280 756
276 2241 320 2279 et
368 2246 442 2282 766
492 2243 527 2280 1.
576 2242 754 2281 Initium
805 2240 963 2280 simile.
1017 2240 1168 2278 Altera
1209 2248 1310 2287 pars
1350 2237 1543 2286 praestat
1586 2236 1628 2273 in
1670 2233 1904 2283 posteriore

302 2316 486 2365 scholio,
520 2327 623 2356 nam
650 2316 801 2356 Davus
828 2326 912 2355 non
941 2316 1021 2354 hoc
1047 2316 1224 2354 tantum
1251 2313 1417 2353 efficere
1445 2311 1611 2350 studuit
1636 2312 1684 2348 ut
1701 2309 1905 2348 Chremes

302 2393 423 2440 pueri
461 2395 630 2442 patrem
665 2392 961 2441 cognosceret,
996 2391 1071 2431 sed
1103 2391 1202 2438 hoc,
1235 2392 1283 2429 ut
1315 2399 1415 2428 eum
1447 2397 1654 2437 generum
1687 2385 1905 2424 recusaret

302 2465 415 2519 (vide
448 2479 488 2507 v.
525 2469 637 2513 766).
671 2469 721 2508 In
753 2467 918 2508 scholio
951 2467 1035 2506 756
1068 2468 1148 2505 hoc
1175 2464 1342 2512 deficit;
1372 2466 1501 2511 atque
1526 2462 1659 2501 etiam
1686 2461 1805 2499 locus
1834 2458 1903 2496 ubi

302 2543 473 2592 legitur,
522 2545 603 2583 hoc
650 2545 909 2592 suspectum
952 2541 1111 2590 reddit,
1156 2543 1225 2580 est
1266 2540 1381 2579 enim
1421 2537 1650 2584 emblema,
1684 2537 1731 2574 ut
1762 2534 1902 2572 Wess-

304 2629 435 2658 nerus
477 2620 666 2668 notavit,
713 2619 755 2658 in
797 2618 942 2657 medio
974 2617 1139 2657 scholio
1170 2615 1364 2655 Donateo
1400 2615 1495 2653 758.
1530 2613 1568 2659 2,
1603 2614 1645 2651 et
1678 2617 1903 2658 argumen-

299 2698 394 2733 tum
442 2704 527 2734 non
573 2696 762 2743 pertinet
801 2694 853 2732 ad
899 2694 996 2742 756,
1041 2693 1115 2731 sed
1158 2691 1210 2730 ad
1253 2691 1350 2738 765,
1395 2688 1505 2736 quod
1536 2687 1740 2736 probatur
1771 2684 1902 2722 etiam

307 2770 472 2809 scholio
505 2771 604 2809 760.
641 2772 691 2809 1:
726 2769 936 2810 Chremes
967 2768 1160 2807 nondum
1193 2765 1402 2814 comperit
1433 2765 1533 2803 cett.

423 2845 459 2885 b.

424 2921 644 2970 Quaedam
672 2920 840 2960 scholia
866 2920 927 2959 ita
953 2919 1216 2967 argumento
1233 2915 1395 2956 similia
1412 2915 1515 2953 sunt
1530 2913 1657 2961 idque
1674 2912 1762 2949 tam
1782 2909 1906 2958 plene

300 2996 572 3045 exprimunt,
615 2998 663 3035 ut
703 2982 894 3034 dubitari
934 2994 1090 3044 possit,
1136 2995 1284 3031 utrum
1326 3001 1400 3039 pro
1442 2987 1628 3037 genuino
1660 2984 1903 3023 habendum

3 272 10 296 i

2 314 12 699 j
298 354 382 393 qua
424 345 674 384 constantia
714 345 782 383 est
820 346 896 384 aut
937 345 1150 393 gravitas,
1186 345 1391 384 adverbia
1423 345 1497 384 illa
1529 346 1638 384 meri
1670 348 1773 385 sunt
1803 347 1896 385 flos-

247 3099 271 3141 1)
298 3098 352 3133 Cf.
378 3098 562 3134 Hartman
585 3111 620 3142 p.
647 3097 722 3138 132,
747 3110 802 3141 sq.
