2242 3443
1026 248 1081 285 49

312 376 427 422 tum,
462 373 574 422 quod
608 373 773 412 addidit
807 372 966 412 ‘Dave’.
1001 374 1026 412 4
1061 383 1164 419 QUIN
1198 385 1253 413 TU
1285 384 1368 413 Hoc
1396 385 1504 412 AUDI
1533 374 1663 422 ‘quin’
1693 377 1818 414 modo
1846 387 1921 425 pro

319 450 503 497 immo,
538 449 649 488 alias
682 459 850 497 quare
883 458 986 487 non
1020 450 1113 489 (Ad.
1152 450 1264 490 247).

171 546 244 583 347
380 544 398 580 1
435 552 526 580 MEA
554 551 718 586 QUIDEM
744 551 912 579 HERGLE
940 551 974 579 c.
1005 542 1126 579 certa
1152 542 1374 579 sententia
1401 543 1490 580 est:
1516 542 1687 580 videtur
1709 541 1925 581 Charinus

319 618 416 666 plus
447 617 612 655 dixisse
647 616 818 655 ‘interii'
852 626 984 664 quam
1017 616 1272 664 Pamphilus
1299 612 1413 654 ‘mea
1439 617 1613 665 quidem
1639 617 1781 656 hercle
1809 623 1922 656 certe

315 693 359 732 in
407 692 534 731 dubio
581 692 674 731 vita
716 694 811 739 est'‚
855 691 931 730 sed
975 701 1060 730 non
1104 693 1172 729 est
1213 691 1314 738 hoc;
1359 691 1458 739 plus
1506 691 1622 730 enim
1669 693 1923 741 Pamphilus

313 769 446 808 dixit:
481 779 584 808 nam
618 769 692 816 qui
725 768 854 816 vivit,
890 777 976 806 non
1009 768 1157 816 potest
1187 767 1409 814 interisse,
1444 767 1481 806 is
1513 770 1661 806 autem
1695 770 1766 817 qui
1799 770 1926 815 vivit,

316 847 464 894 potest
496 845 540 884 in
573 844 702 883 dubio
735 844 876 882 vitam
910 843 1092 890 habere;
1127 843 1221 881 ideo
1255 845 1298 881 et
1330 843 1494 882 iuravit
1527 840 1698 882 ‘hercle'
1733 846 1776 882 et
1809 843 1927 883 adfir-

316 931 445 960 mans
476 919 780 959 iusiurandum
815 918 961 958 ‘certe’
995 918 1173 957 addidit.
1208 921 1232 957 3
1265 929 1316 956 ΕΤ
1344 928 1446 963 QUID
1473 929 1528 957 TU
1556 929 1645 957 solo
1673 920 1785 958 mira
1813 930 1921 958 com-

315 996 490 1046 pendia,
538 1005 648 1044 quae
697 994 919 1034 contrahit
966 995 1093 1042 poeta
1135 994 1409 1042 longitudine
1451 994 1624 1034 fabulae
1666 1005 1744 1034 nec
1775 997 1923 1034 tamen

316 1072 460 1121 perdit
489 1071 673 1111 affectus
705 1080 1010 1119 personarum.

487 1145 510 1180 2
538 1144 561 1166 *
587 1155 744 1181 HEROLE
773 1154 896 1180 οΕΒΤΕ
924 1145 1024 1180 bene
1054 1142 1199 1190 ‘certe'‚
1230 1145 1344 1187 quasi
1371 1143 1467 1179 illud
1497 1143 1654 1179 ‘interii'
1683 1143 1827 1179 falsum
1856 1144 1921 1179 sit.

432 1199 497 1235 Ita
545 1199 779 1244 Pamphilus
823 1198 914 1243 plus
956 1198 1046 1234 fecit
1088 1198 1316 1243 periturum
1360 1208 1403 1233 se
1445 1207 1536 1233 esse
1579 1198 1758 1242 dicendo,
1802 1208 1920 1241 quam

434 1253 630 1290 Charinus
659 1253 863 1289 interisse.
895 1254 917 1287 4
947 1263 995 1288 ΕΤ
1025 1262 1121 1294 QUrn
1152 1262 1205 1288 TU
1234 1253 1348 1288 deest
1378 1250 1561 1287 ‘timeas’.

168 1346 245 1383 348
376 1343 396 1380 1
432 1352 483 1380 ΕΤ
515 1352 560 1380 ID
592 1351 683 1380 scro
716 1339 758 1379 ἐν
789 1339 1018 1390 ὑποκρίσει,
1048 1343 1278 1389 tamquam
1311 1340 1428 1379 dicat
1460 1339 1583 1377 ‘nihil
1617 1340 1711 1377 est’.
1746 1339 1769 1376 2
1802 1350 1852 1377 ΕΤ
1877 1350 1920 1377 ID

313 1427 404 1456 scm
452 1417 613 1466 legitur
653 1416 817 1466 <et>
860 1416 958 1456 ‘etsi
1000 1418 1119 1456 scio'.
1164 1418 1189 1457 3
1233 1427 1365 1456 HomE
1408 1417 1585 1465 tempus
1617 1415 1781 1453 addidit
1813 1416 1918 1453 tam·

315 1503 448 1541 quam
495 1503 588 1533 rem
635 1494 792 1533 sciens.
841 1494 866 1532 4
915 1503 1128 1532 OBTUNDIS
1173 1493 1290 1532 idem
1333 1503 1464 1541 saepe
1506 1490 1739 1539 repetendo
1781 1490 1921 1529 dicere

315 1568 629 1608 obtundere
669 1570 757 1608 est:
799 1569 1034 1608 translatio
1076 1579 1100 1608 a
1141 1568 1295 1618 fabris,
1329 1568 1403 1616 qui
1436 1577 1565 1615 saepe
1597 1567 1798 1614 repetunt
1828 1568 1920 1604 tun-

315 1644 455 1684 dendo
497 1644 660 1692 aliquid
701 1644 861 1684 malleo
894 1647 938 1684 et
969 1646 1083 1684 idem
1117 1645 1366 1684 obtundunt
1398 1646 1528 1692 atque
1559 1642 1779 1681 hebetant.
1815 1643 1922 1680 5013-

314 1730 472 1760 TUNDIS
502 1731 689 1760 TAMETSI
720 1720 935 1760 sincerius
966 1723 1034 1760 est
1065 1723 1109 1760 et
1140 1721 1303 1760 melius
1335 1719 1699 1766 subdistinguere.

168 1816 246 1853 349
373 1814 398 1853 3
430 1824 487 1852 Ur
518 1824 659 1853 DUCAs
691 1823 767 1862 pro
800 1823 868 1852 ne
898 1823 1003 1852 non
1038 1813 1114 1852 ‘ut’
1147 1813 1309 1862 posuit.

492 1889 509 1924 1
556 1898 597 1924 ID
640 1898 766 1934 PAyEs
808 1899 860 1925 NE
900 1898 1030 1925 DUGAS
1069 1889 1182 1924 deest
1221 1888 1296 1923 ‘ob'
1334 1888 1380 1922 ut
1413 1887 1487 1922 sit:
1517 1885 1565 1920 ob
1594 1884 1652 1928 id;
1682 1884 1755 1919 hoc
1784 1884 1918 1918 autem

431 1941 639 1987 Pamphilo
669 1943 773 1979 dicit.
805 1944 827 1978 2
856 1953 908 1979 TU
935 1953 1074 1979 AUTEM
1102 1952 1154 1978 UT
1184 1951 1311 1978 DUCAS
1340 1941 1415 1977 hoc
1444 1939 1627 1975 Charino.

167 2033 243 2070 350
374 2031 394 2068 1
439 2040 582 2075 ATQUE
624 2041 746 2070 rson
783 2041 915 2069 IPSUM
947 2040 1072 2069 NIHIL
1104 2041 1142 2069 P.
1176 2041 1213 2069 E.
1248 2027 1290 2067 ἐν
1322 2027 1548 2079 ὑποκρίσει-ιε
1582 2026 1657 2064 ille
1691 2024 1805 2063 enim
1838 2023 1918 2060 hoc

313 2105 430 2143 idem
461 2106 636 2144 dixerat
667 2117 767 2145 cum
800 2107 1141 2154 exclamatione,
1175 2105 1285 2154 quod
1322 2104 1446 2152 quasi
1473 2113 1635 2142 vanum
1665 2098 1916 2139 contemnit.

315 2181 339 2219 2
382 2191 441 2220 ΜΕ
475 2192 577 2220 VIDE
608 2183 783 2221 utrum:
817 2183 918 2231 quia
949 2183 1093 2221 laetus
1125 2192 1243 2230 sum,
1278 2190 1356 2219 an:
1389 2190 1460 2218 me
1493 2179 1642 2227 specta
1671 2175 1771 2214 fidei
1802 2175 1917 2213 dato-

305 2267 424 2312 ¹rem,
459 2259 507 2296 ut
538 2258 624 2297 dici
655 2258 768 2298 solet
799 2269 880 2298 me
913 2258 1103 2307 habes,
1139 2267 1220 2296 me
1252 2255 1506 2304 respice?

164 2353 238 2389 351
370 2350 394 2388 3
426 2361 487 2390 ΕΜ
518 2360 638 2390 ecce:
673 2351 990 2390 demonstratio
1025 2352 1092 2389 est
1123 2349 1241 2388 facti.

489 2426 505 2460 1
539 2434 709 2461 OBSEcRo
739 2434 786 2460 ΤΕ
815 2434 927 2466 QUAM
955 2434 1113 2460 PRIMUM
1138 2425 1234 2460 cett.
1259 2432 1349 2459 cum
1369 2421 1550 2466 precibus
1566 2421 1605 2455 et
1620 2420 1782 2461 tempus
1798 2412 1915 2450 admi-

429 2479 546 2515 scuit.
563 2481 583 2513 2
602 2479 650 2514 Et
663 2479 764 2515 bene
779 2478 944 2514 ‘libera’z
961 2478 1135 2523 perfecta
1150 2478 1257 2514 enim
1273 2477 1470 2513 securitas
1485 2472 1663 2509 liberatio
1675 2469 1916 2506 nominatur.

163 2569 240 2607 352
369 2566 394 2605 3
437 2575 527 2604 soro
569 2566 847 2615 praeparatio
889 2568 956 2605 est
996 2565 1209 2605 auditoris
1242 2565 1294 2603 ad
1327 2573 1424 2603 eam
1456 2559 1771 2604 narrationem,
1806 2563 1915 2602 quae

308 2641 501 2680 ostendit
531 2644 796 2689 argumenta
827 2641 1043 2680 falsarum
1076 2641 1347 2689 nuptiarum.

485 2716 502 2750 1
534 2725 700 2751 UXOREM
730 2725 810 2751 ΤΤΒΙ
838 2725 919 2750 NON
948 2726 1028 2751 DAT
1057 2725 1130 2750 [AM
1155 2723 1338 2750 CHREMES
1364 2711 1748 2747 oratorieasummo
1764 2702 1911 2761 coepit,

431 2768 544 2805 cuius
573 2771 709 2814 partes
739 2770 878 2805 multis
908 2769 1103 2805 dicentur.
1131 2769 1152 2802 2
1178 2777 1257 2803 NON
1282 2775 1361 2803 DAT
1387 2775 1460 2800 IAM
1483 2771 1664 2799 CHREMES
1679 2761 1777 2794 bene
1794 2755 1910 2799 ‘lam’‚

427 2824 529 2864 quod
569 2824 603 2858 si
641 2833 721 2859 non
760 2823 949 2866 dixisset,
987 2822 1238 2866 intellegeret
1275 2819 1508 2863 Pamphilus
1541 2815 1600 2851 vel
1631 2813 1771 2870 postea
1799 2809 1911 2845 Chre-

424 2878 573 2912 metem
602 2876 722 2912 filiam
748 2887 839 2913 esse
867 2878 1078 2920 daturum;
1110 2876 1179 2911 sed
1203 2875 1337 2911 addito
1363 2872 1467 2908 ‘iam'
1493 2870 1609 2915 plena
1633 2868 1825 2902 securitas
1850 2863 1912 2897 est

429 2930 488 2971 (cf.
518 2930 608 2965 351.
639 2931 694 2976 2),
725 2929 829 2966 ‘iam'
861 2930 967 2973 enim
995 2929 1241 2965 renuntiatio
1271 2930 1334 2964 est
1362 2921 1654 2972 perpetuitatis

163 3008 240 3057 353
372 3019 391 3055 1
427 3027 536 3055 TUUS
577 3027 718 3056 PATER
749 3027 864 3056 mono
896 3027 955 3055 ME
987 3026 1233 3055 PREHENDIT
1266 3025 1341 3063 pro
1376 3011 1589 3061 ‘prendit',
1623 3005 1770 3044 addita
1801 3001 1909 3049 aspi-

310 3092 478 3131 ratione
505 3093 748 3140 geminavit
774 3091 994 3140 syllabam
1010 3103 1019 3139 ;
1039 3092 1063 3129 2
1082 3093 1126 3130 et
1157 3102 1182 3139 p
1195 3101 1215 3129 r
1227 3100 1249 3128 e
1263 3090 1290 3127 h
1303 3099 1324 3127 e
1338 3098 1365 3126 n
1379 3088 1429 3126 di
1443 3088 1461 3124 t
1492 3084 1603 3123 dixit
1633 3079 1756 3128 quasi
1773 3077 1909 3115 vitan·

271 3161 428 3196 Karsten,
447 3161 536 3189 Com.
555 3160 640 3189 Don.
1789 3148 1805 3173 4
