2242 3443
0 1433 8 1645 l

128 287 200 322 861

128 664 202 701 862

131 893 205 929 863

133 1043 209 1080 864

132 1119 207 1156 865

137 1599 210 1635 866

136 1751 206 1787 867

139 1978 211 2014 868

140 2206 213 2242 869

138 2477 212 2515 870

144 2831 216 2867 872

969 160 1047 198 101

334 283 353 320 1
397 293 502 323 AUDl
538 294 722 322 OBsmcRo
756 284 1012 332 plerumque
1045 294 1070 321 a
1103 283 1385 321 verberandis
1419 283 1485 322 vel
1519 283 1791 331 indulgentia
1822 284 1880 322 lo-

272 358 418 404 quitur
441 355 465 397 ¹)
495 359 561 397 vel
592 369 725 397 mora.
757 360 780 397 2
810 370 1028 398 SUBLIMEN
1056 359 1097 397 id
1122 361 1188 397 est
1208 359 1416 407 sublime,
1438 369 1510 406 per
1529 358 1683 397 altum.
1704 360 1727 396 3
1747 369 1880 403 QUAN-

274 444 362 472 TUM
389 444 544 472 Porrsssr
574 436 653 473 hoc
679 437 746 473 est
775 435 1021 482 celerrime,
1051 434 1154 481 quia
1183 435 1406 482 segniores
1434 444 1481 471 se
1511 434 1747 472 ostendunt
1768 435 1883 473 servi

272 509 323 547 ad
341 510 580 557 puniendos
597 511 877 555 conlibertos,
898 510 1064 548 scilicet
1082 520 1207 548 mora
1224 510 1398 548 veniam
1419 512 1644 557 captantes
1662 510 1880 559 indignan-

274 585 385 623 tium
419 586 708 624 dominorum.

329 662 349 699 1
389 670 494 706 QUrA
526 672 663 700 LUBET
697 663 777 700 hoc
807 672 942 700 sensu
975 663 1018 700 et
1050 672 1184 710 supra
1216 661 1381 699 dictum
1415 663 1483 699 est
1513 660 1592 710 ‘ut‚
1627 662 1663 699 si
1697 661 1881 699 lubitum

274 735 421 784 fuerit,
457 747 635 775 causam
668 738 847 786 ceperit,
883 748 965 784 quo
993 738 1085 776 iure
1111 747 1280 784 quaque
1308 737 1479 775 iniuria'
1509 738 1563 776 (V.
1594 737 1705 781 213).
1736 737 1759 774 2
1778 746 1883 781 QUIA

274 822 411 850 LUBET
443 812 562 851 Davo
594 813 717 861 dicit,
768 823 881 851 RAPE
915 822 1087 857 INQUAM
1120 812 1343 850 Dromoni.

329 899 367 926 sr
395 898 618 934 QUICQUAM
646 899 848 927 INVENIES
876 899 1106 926 MENTITUM
1134 899 1192 926 ME
1219 898 1411 927 occrm'ro
1431 888 1499 925 hic
1518 887 1613 936 plus
1631 887 1883 935 <quam>

277 974 409 1012 supra
449 964 560 1002 dixit
601 965 657 1004 (v.
706 965 815 1013 199),
859 964 915 1002 ibi
949 964 1066 1002 enim
1102 964 1312 1002 ‘verbera’
1346 963 1476 1011 dixit,
1511 973 1625 1001 nunc
1657 961 1885 1001 ‘occidito'.

332 1050 569 1078 COMMOTUM
602 1040 756 1088 citum,
793 1039 992 1079 celerem.

335 1117 353 1153 1
394 1125 717 1160 QUADRUPEDEM
750 1126 784 1154 c.
818 1117 966 1153 utrum
1000 1125 1138 1162 genus
1169 1115 1383 1162 ligaturae
1415 1114 1477 1152 sic
1509 1113 1666 1152 dicitur
1691 1112 1885 1160 ‘quadru-

278 1192 368 1240 pes'
401 1202 455 1229 an
489 1191 839 1239 ‘quadrupedem'
873 1193 922 1228 ut
954 1190 1128 1229 feram?
1156 1192 1181 1228 4
1215 1199 1525 1228 consrmnerro
1553 1190 1684 1227 mire:
1713 1199 1766 1227 ne
1790 1188 1889 1236 quid

278 1266 355 1305 fiat
394 1268 608 1315 tragicum
655 1267 698 1305 in
743 1267 984 1315 comoedia,
1027 1275 1166 1314 usque
1210 1266 1262 1303 ad
1300 1265 1474 1304 vincula
1516 1266 1579 1303 ira
1615 1264 1891 1313 progreditur

278 1353 356 1382 nec
388 1343 618 1390 quicquam
652 1344 840 1391 temptat
873 1342 1070 1380 ulterius.

454 1417 475 1451 2
506 1417 567 1452 An
593 1416 916 1461 ‘quadrupedem'
946 1416 982 1450 id
1012 1417 1095 1451 est:
1121 1425 1210 1451 cum
1236 1415 1401 1460 pedibus
1426 1416 1465 1450 et
1489 1415 1706 1450 manibus?
1730 1414 1751 1449 3
1777 1413 1799 1437 ³³³
1823 1414 1885 1448 An

397 1470 720 1514 ‘quadrupedem’
751 1480 821 1514 pro
850 1479 965 1506 cervo
995 1480 1039 1505 ac
1068 1470 1238 1513 fugitivo
1267 1469 1432 1514 posuit?
1465 1469 1527 1504 Sic
1557 1468 1757 1512 Vergilius
1784 1470 1889 1503 ‘sau-

398 1524 481 1560 cius
512 1526 552 1559 at
581 1524 822 1568 quadrupes'
852 1524 946 1560 cett.
977 1524 1090 1565 (Aen.
1123 1524 1158 1559 7.
1189 1523 1292 1565 500).

333 1606 371 1633 sr
405 1606 506 1634 vrvo
539 1607 626 1634 Tim
659 1596 731 1643 qui
765 1597 884 1634 certa
916 1596 1077 1633 minari
1109 1595 1280 1641 volunt,
1312 1594 1526 1632 incertam
1560 1593 1726 1631 faciunt
1752 1593 1888 1631 vitam

281 1681 422 1710 suam.

331 1757 451 1785 ERUM
493 1757 595 1791 Qum
637 1757 701 1785 sm:
745 1758 782 1786 P.
815 1757 851 1784 F.
879 1745 1031 1784 ‘erum’
1065 1747 1108 1784 et
1139 1745 1340 1794 ‘patrem’
1375 1755 1474 1783 cum
1507 1744 1675 1792 ingenti
1704 1754 1886 1793 pronun-

277 1823 458 1862 tiatione
489 1823 616 1870 dicit;
651 1826 694 1861 et
726 1822 828 1861 alibi
862 1821 982 1860 ‘nam
1015 1822 1086 1869 qui
1120 1821 1298 1859 mentiri
1330 1821 1404 1859 aut
1431 1819 1583 1858 fallere
1610 1819 1794 1858 insuerit
1819 1829 1887 1867 pa-

280 1899 406 1937 trem’
441 1899 533 1943 (Ad.
567 1900 650 1943 55).
699 1938 702 1941 ,

333 1985 388 2013 NE
431 1985 558 2013 sAEvr
596 1985 736 2013 TANTo
769 1985 905 2013 opem:
939 1974 1020 2012 ‘ne’
1055 1973 1318 2021 imperativo
1351 1972 1495 2020 magis
1528 1981 1657 2019 quam
1691 1970 1889 2010 coniunc-

280 2050 370 2089 tivo
411 2050 678 2099 adiungitur,
715 2052 761 2088 ut
794 2050 1012 2098 Vergilius
1047 2048 1114 2087 ‘ne
1146 2048 1284 2098 saevi,
1321 2057 1484 2096 magna
1516 2047 1732 2086 sacerdos'
1767 2046 1889 2090 (Aen.

282 2129 320 2165 6.
355 2121 471 2170 544).

340 2205 358 2240 1
390 2212 607 2240 PIETATEM
635 2212 770 2240 GNATI
799 2201 989 2251 ἔλλειψις,
1016 2206 1069 2246 (α)
1097 2203 1143 2239 et
1164 2202 1230 2239 est
1249 2200 1388 2238 ironia
1405 2209 1504 2248 pro:
1524 2198 1890 2246 impietatem.

282 2278 308 2321 2
340 2279 391 2315 Et
424 2279 520 2317 vide
551 2279 763 2316 invidiam
797 2279 920 2325 quasi
952 2277 1215 2325 parricidam
1247 2276 1498 2315 accusantis
1529 2273 1598 2325 (α).

456 2353 472 2387 1
502 2362 525 2386 α
554 2353 666 2388 deest
694 2353 800 2388 enirn
830 2351 968 2387 ‘vides’
999 2352 1068 2386 aut
1097 2351 1187 2394 quid
1217 2349 1307 2385 tale.
1339 2351 1360 2384 2
1390 2360 1413 2384 α
1442 2359 1522 2384 non
1548 2347 1654 2384 enim
1670 2345 1887 2391 ‘pudorem’

399 2401 502 2441 dixit
533 2407 601 2442 sed
630 2405 862 2450 ‘pietatem’.

336 2486 516 2514 TANTUM
554 2487 758 2515 LABOREM
792 2487 826 2515 c.
860 2475 1104 2525 σύλλημψις,
1136 2473 1452 2513 assumendum
1485 2474 1554 2511 est
1580 2472 1694 2511 enim
1730 2469 1890 2509 extrin-

285 2561 411 2590 secus
443 2551 558 2591 ‘me’.

1006 2688 1030 2724 3

344 2831 363 2867 1
398 2839 494 2874 Qms
526 2841 585 2868 ME
618 2841 730 2868 vom-
762 2840 800 2868 P.
834 2840 872 2868 P.
907 2840 981 2867 EST
1015 2829 1084 2867 hic
1116 2828 1335 2866 accusatio
1364 2828 1449 2875 est,
1479 2835 1587 2873 quae
1614 2824 1800 2863 solvitur
1821 2823 1888 2861 de-

286 2905 504 2944 fensione:
546 2906 589 2944 in
631 2916 680 2945 eo
721 2906 834 2954 quod
876 2905 926 2944 ad
961 2914 1156 2943 amorem
1189 2904 1397 2952 pertinet,
1431 2912 1506 2950 per
1538 2899 1886 2946 concessionem,

187 3038 210 3081 ¹)
237 3038 460 3075 Wessnerus
484 3040 641 3076 coniecit
663 3040 881 3076 ‘invocatur'
908 3039 966 3074 vel
990 3037 1243 3085 ‘imploratur'.
