2242 3443
13 589 17 665 ξ
114 606 190 642 350

115 935 188 971 351

117 1087 190 1122 352

117 1313 193 1350 354

119 1690 194 1726 355

123 1966 197 2002 356

128 2495 200 2532 357

954 181 1034 218 153

261 307 350 354 cat,
382 308 430 342 ut
462 304 581 342 nulla
613 305 670 342 sit
702 305 743 342 in
779 314 827 342 eo
861 304 1065 352 attentio,
1106 325 1147 330 ——
1188 314 1290 341 nam
1325 304 1425 340 hinc
1457 304 1611 340 natum
1646 304 1712 340 est
1745 302 1872 349 ‘agite

261 380 430 418 amabo'
481 389 535 426 (v.
590 381 685 421 120)
728 402 782 406 —
827 382 902 418 aut
946 381 1281 427 nugatorias
1324 388 1412 416 res
1445 379 1564 426 agis
1597 377 1676 416 hoc
1708 380 1775 416 est
1807 378 1870 415 io-

261 466 424 494 carls.

431 531 453 565 6
483 530 603 573 Quasi
633 530 737 565 dicat
765 539 890 565 vanas
920 538 984 565 res
1014 530 1114 573 agis,

316 603 334 640 1
375 612 465 640 scio
499 612 580 646 QUO
613 612 817 640 ABDUCTA
864 611 929 638 srr
962 601 1059 648 plus
1092 600 1221 648 dixit,
1257 609 1388 646 quam
1422 598 1785 646 interrogabatur.
1821 602 1873 642 (a)

261 678 284 715 2
317 688 407 716 soro
440 687 463 722 Q
508 689 550 715 A.
585 690 618 715 s.
653 677 846 715 secunda
877 675 1165 726 ἀποσιώπησις.

436 753 451 787 1
484 761 509 786 α
537 752 660 788 Credo
690 752 819 787 taedio
848 752 1159 796 interrogantis,
1191 760 1284 785 nam
1314 751 1516 793 properat,
1545 750 1589 783 ut
1611 748 1789 783 dicturus
1815 748 1877 783 est

378 805 642 903 (ἔὲῒῖῗέἐῆῑιᾱ
672 807 949 841 deducendum
979 805 1211 841 eunuchum
1242 805 1288 840 ad
1320 803 1512 839 Thaidem
1542 812 1631 837 cum
1662 801 1800 837 ancilla
1829 811 1877 837 ex

309 941 395 969 EHo
439 941 643 969 PARMENO
799 942 886 969 scrs
919 931 1132 969 amatorie
1165 930 1277 968 satis
1310 930 1566 977 repetuntur
1603 936 1713 975 quae
1743 926 1879 965 semel

260 1006 375 1045 dicta
405 1007 680 1046 suffecerant.

308 1093 397 1121 Hoc
428 1093 628 1121 DEDUCTA
660 1093 734 1121 EST
762 1094 820 1120 AD
849 1092 1126 1120 MERETRICEM
1154 1083 1198 1120 et
1225 1082 1305 1119 hoc
1332 1080 1513 1119 effundit
1541 1078 1678 1118 semel
1706 1088 1877 1116 acerva-

259 1158 426 1206 timque
468 1159 573 1196 dicit
606 1158 727 1197 velut
758 1159 855 1197 odio
887 1158 1202 1206 interrogantis
1234 1156 1408 1204 saepius
1441 1157 1485 1193 et
1515 1155 1795 1193 festinatione
1828 1154 1879 1192 ad

263 1234 472 1272 mandata
505 1234 744 1272 Phaedriae
778 1234 1041 1282 peragenda.

322 1310 340 1348 1
372 1320 626 1348 PHAEDRIAE
658 1320 833 1348 RivALis
867 1320 967 1348 cum
995 1309 1349 1358 pronuntiatione
1376 1307 1621 1346 addendum
1651 1307 1762 1353 quod
1792 1317 1879 1344 ma-

263 1386 331 1433 gis
364 1386 521 1424 doleat.
556 1381 614 1433 (α)
648 1387 671 1423 2
701 1396 846 1424 DURAs
874 1396 1038 1423 PARTES
1066 1395 1251 1423 FRA'rffls
1278 1394 1521 1422 PRAEDICAS
1547 1383 1714 1422 scilicet
1731 1389 1883 1421 contra

262 1461 486 1500 aemulum
520 1466 563 1500 et
594 1462 775 1500 divitem
805 1465 846 1500 et
874 1462 1186 1510 largissimum.
1211 1462 1234 1499 3
1255 1461 1307 1499 Et
1330 1460 1490 1508 ‘partes
1508 1460 1651 1498 duras'
1671 1473 1882 1508 μεταφορι-

262 1544 340 1584 κῶς
372 1539 424 1577 ab
457 1539 677 1598 actoribus
710 1539 939 1578 scaenicis.

439 1615 455 1647 1
484 1623 508 1648 α
535 1613 572 1648 id
602 1616 665 1649 est
694 1613 911 1648 Phaedriae
941 1612 1093 1648 rivalis.

321 1687 340 1724 1
371 1696 596 1724 COMPARET
620 1686 708 1724 iam
737 1686 807 1724 hic
831 1685 1077 1724 ostenditur
1105 1684 1235 1724 miles
1260 1694 1335 1733 per
1361 1683 1515 1723 rivalis
1542 1681 1884 1722 donaillustrior

267 1771 397 1809 quam
430 1771 505 1810 per
538 1771 631 1800 sua.
665 1763 732 1805 (α).

441 1836 458 1871 1
499 1846 523 1870 a
560 1838 599 1872 et
638 1838 701 1871 est
738 1835 911 1880 qualitas
940 1835 1227 1880 comparativa.
1259 1836 1280 1870 2
1311 1844 1521 1870 COMPARET
1551 1843 1622 1878 pro
1651 1832 1784 1869 ‘emat’
1814 1832 1884 1867 aut

383 1890 708 1934 ‘comparandum
740 1889 882 1934 putet'.

324 1962 343 1999 1
395 1972 484 1999 TUM
532 1971 667 1999 MAers
715 1972 758 1998 in
808 1971 933 1999 DtcAs
980 1960 1143 1998 duras
1192 1961 1383 2008 partes
1432 1955 1632 1998 fratris
1675 1967 1812 1995 esse.
1858 1956 1882 1993 2

267 2047 467 2082 QUIDNAM
496 2047 662 2081 QUAEso
688 2047 856 2075 HERCLE
885 2036 1188 2075 curiositatem
1217 2035 1382 2074 addidit
1400 2033 1677 2083 παρελκόντων
1695 2031 1883 2080 ‘quaeso'

268 2115 310 2151 et
354 2112 540 2157 ‘hercle’.
576 2115 600 2152 3
635 2115 679 2152 et
709 2113 807 2151 vide
846 2123 976 2160 quam
1009 2112 1202 2151 molliter
1229 2113 1272 2150 et
1298 2112 1392 2149 sine
1420 2110 1647 2148 intellectu
1673 2109 1882 2156 spectato-

267 2189 327 2227 ris
369 2190 422 2227 ad
465 2189 716 2236 argumenti
752 2188 939 2236 spectati
977 2187 1175 2226 ordinem
1208 2188 1337 2235 poeta
1368 2186 1617 2235 perveniat,
1658 2186 1704 2222 ut
1737 2185 1787 2222 de
1816 2193 1884 2220 eu-

266 2265 407 2303 nucho
445 2265 560 2303 facta
591 2265 814 2303 mentione
847 2264 1080 2303 consilium
1112 2265 1320 2302 nascatur
1352 2261 1622 2310 supponendi
1653 2259 1884 2299 Chaereae.

270 2321 565 2379 4'EUNUCHUM
593 2341 702 2379 mire
729 2340 962 2378 Terentius
989 2339 1128 2387 primo
1147 2338 1405 2386 simpliciter
1423 2336 1701 2376 ‘eunuchum'
1721 2334 1884 2383 posuit,

276 2417 376 2456 huic
410 2427 580 2464 quoque
612 2416 903 2455 detracturus.

327 2493 347 2530 1
392 2503 674 2531 INHONESTUM
716 2492 914 2540 foedum,
958 2493 1006 2529 ut
1038 2493 1190 2530 contra
1232 2490 1357 2529 ‘facie
1390 2489 1589 2527 honesta’
1620 2491 1676 2532 (v.
1712 2486 1825 2530 230).
1859 2486 1883 2522 3

272 2578 474 2606 HOMINEM
516 2569 759 2616 opportune
802 2563 1055 2606 ‘hominem'
1083 2567 1194 2605 dixit
1228 2568 1455 2613 tamquam
1491 2564 1645 2602 incerti
1679 2571 1826 2600 sexus.
1860 2562 1884 2597 4

273 2654 414 2683 SENEM
448 2654 674 2681 MULIEREM
706 2653 792 2682 non
826 2643 1049 2682 communi
1083 2651 1242 2690 genere
1274 2642 1386 2679 dixit
1420 2640 1599 2679 ‘senem'
1629 2639 1785 2686 quippe
1813 2636 1885 2683 qui

273 2719 375 2758 alibi
403 2720 675 2767 separaverit
702 2719 883 2757 dicendo
913 2717 1066 2757 ‘senex
1091 2720 1222 2766 atque
1249 2717 1373 2755 anus'
1400 2716 1518 2755 (Hec.
1549 2715 1670 2761 621),
1697 2713 1771 2750 sed
1790 2711 1885 2749 sub-

274 2795 631 2843 distinguendum
675 2796 761 2843 est,
802 2796 850 2832 ut
891 2794 949 2832 sit
991 2793 1156 2842 duplex
1198 2792 1486 2841 vituperatio:
1530 2800 1616 2828 una
1659 2788 1711 2826 ab
1744 2788 1886 2825 aetate

274 2871 386 2917 quod
427 2871 493 2909 ais
536 2870 728 2919 ‘senem’,
771 2870 912 2908 altera
952 2869 1098 2916 <a>
1130 2868 1430 2908 membrorum
1463 2865 1649 2905 mollitie
1684 2863 1794 2910 quod
1828 2862 1888 2899 ait

277 2944 548 2985 ‘mulierem'.

448 3021 469 3055 2
487 3019 539 3055 Ut
555 3020 660 3064 apud
676 3019 896 3063 Vergilium
913 3019 965 3054 ‘et
980 3018 1108 3054 laetos
1125 3017 1249 3053 oculis
1263 3016 1415 3051 afflarat
1426 3015 1598 3050 honores
1611 3014 1724 3054 (Aen.
1737 3013 1769 3046 1.
1783 3011 1828 3045 51
1841 3013 1886 3052 1).
