2242 3443
318 223 485 250 Axnnm
1154 210 1239 247 252

305 337 382 373 312
466 337 489 373 5
528 336 574 372 cf.
614 336 701 373 319.
742 339 774 373 1.
858 337 880 372 3
918 335 1143 371 differentia
1172 344 1245 370 nec
1273 344 1343 380 per
1370 344 1413 370 se
1443 343 1538 369 vera
1563 343 1635 370 nec
1664 334 1866 377 quadrans
1896 335 1935 370 in
1965 335 2071 372 hunc

410 398 552 439 locum.
637 399 659 433 4
690 398 916 434 ‘nec—sed'
947 398 994 433 ad
1025 407 1062 432 V.
1096 396 1180 433 132.

301 461 378 496 313
466 461 483 495 1
523 459 765 496 Wessner
802 461 840 495 in
877 460 898 494 l.
931 460 977 494 de
1006 458 1174 494 Aemilio
1204 459 1336 502 Aspro
1366 467 1403 502 p.
1434 456 1482 493 38
1513 466 1570 500 sq.
1602 457 1834 501 suspicatur
1861 458 1992 495 locum
2023 460 2070 496 de

409 523 578 559 ‘saltem'
610 523 658 558 ad
688 523 892 559 Donatum
931 530 1000 566 per
1038 520 1470 564 Probrum—Asprum
1501 519 1736 563 pervenisse
1760 530 1781 556 e
1809 520 1976 566 Nigidio,
2005 523 2072 566 qui

408 588 541 620 tamen
582 586 802 621 secundum
841 583 1012 620 Gellium
1054 584 1112 620 12.
1155 583 1214 619 14.
1246 583 1268 618 3
1299 582 1460 626 scripsit
1489 581 1661 618 ‘saltem’
1692 583 1915 619 esse=‘si
1944 583 2070 620 aliter’

406 647 502 689 (scil.
543 645 709 694 potest).
738 645 876 683 Differt
906 646 1037 680 denuo
1067 644 1212 681 Donati
1241 646 1408 688 etymon
1439 644 1486 679 ad
1513 643 1590 679 494
1614 645 1654 680 et
1683 643 1756 679 Ad.
1787 643 1873 682 249.
1902 644 1939 690 3,
1967 647 2070 690 quod

407 709 589 754 proxime
627 709 815 745 convenit
853 717 944 743 cum
974 706 1112 750 glossa
1141 707 1225 742 cod.
1256 706 1374 742 Bern.
1405 706 1554 741 Anecd.
1580 705 1694 741 HeIV.
1725 715 1762 750 p.
1789 705 1864 742 263
1893 707 1982 742 adn.
2011 708 2072 749 (ut

403 772 537 808 docuit
590 771 787 811 Wessn.}:
843 770 1109 805 ‘saltem....
1161 778 1183 804 a
1229 768 1412 813 captivis,
1452 767 1519 812 qui
1558 768 1720 804 abducti
1760 767 1870 804 hosti
1912 768 2069 806 dicunt:

406 833 541 869 omnia
577 834 720 869 nostra
755 831 886 876 accipe
920 833 960 866 et
999 831 1145 866 saltem
1175 830 1292 866 nobis
1321 831 1446 866 vitam
1475 830 1658 872 concede,
1688 831 1729 865 et
1759 830 1848 866 inde
1875 831 2072 868 remansit

405 895 550 932 saltem
592 905 662 940 per
698 894 904 938 sincopam
946 894 970 938 i,
1014 902 1084 937 per
1122 892 1387 929 abscisionem
1427 902 1452 928 u
1489 892 1661 928 litterae’
1691 896 1800 937 (ergo
1829 892 2070 936 salvitem?).

404 957 633 994 Consimilia
660 957 770 994 SerV.
801 957 847 992 ad
877 957 975 992 Aen.
1005 955 1040 990 4.
1072 955 1158 991 327.

299 1019 376 1056 314
460 1020 483 1056 2
512 1019 720 1056 vitiosum.

297 1079 376 1119 315
460 1082 482 1118 3
512 1081 558 1118 cf.
589 1082 636 1118 ad
669 1081 744 1118 285
777 1081 849 1116 la.
932 1079 955 1114 4
986 1077 1033 1115 cf.
1062 1078 1161 1114 Don.
1193 1079 1228 1115 2.
1260 1079 1338 1115 Mn.
1369 1078 1430 1115 32.
1463 1078 1551 1115 233.

297 1144 374 1180 318
457 1144 480 1179 2
519 1143 596 1179 Mn.
635 1144 684 1180 32
723 1142 810 1179 234.
846 1142 944 1178 Ecce
981 1140 1179 1176 scholium
1219 1141 1399 1177 Donateo
1441 1141 1459 1176 1
1500 1141 1660 1186 praeter
1688 1140 1920 1186 exemplum
1950 1141 2071 1186 verg.

404 1215 445 1242 re
475 1206 617 1251 simile,
647 1205 777 1242 forma
805 1212 973 1249 prorsus
1003 1202 1220 1238 diversum.

298 1267 375 1303 319
458 1268 482 1304 2
511 1267 614 1304 rhet.
645 1267 722 1303 Mn.
750 1267 812 1303 33.
838 1266 926 1302 236.
957 1264 1077 1309 Eugr.
1107 1274 1144 1309 p.
1163 1265 1225 1301 31.

296 1330 375 1366 320
460 1330 477 1365 1
510 1330 714 1366 distinctio
743 1340 765 1366 a
794 1329 880 1365 loco
909 1326 1052 1371 aliena,
1081 1327 1116 1362 si
1145 1327 1303 1363 confers
1332 1337 1369 1362 v.
1401 1326 1489 1363 319.
1574 1326 1596 1363 3
1626 1326 1674 1362 ad
1705 1336 1741 1362 v.
1769 1326 1856 1364 279.

297 1391 373 1428 321
458 1391 481 1428 3
511 1392 662 1428 ‘Aiunt'
692 1401 816 1437 supra
844 1393 893 1427 ad
925 1389 1010 1439 192,
1046 1393 1087 1436 1;
1118 1390 1213 1426 Hec.
1245 1390 1333 1434 357,
1366 1390 1401 1425 2.

297 1453 374 1489 322
458 1454 482 1489 2
519 1453 565 1490 cf.
604 1454 703 1490 Don.
746 1455 764 1489 1
805 1454 881 1489 Mn.
922 1454 983 1491 32.
1023 1454 1110 1491 234.
1149 1453 1333 1488 Donatus
1366 1452 1406 1487 in
1440 1452 1458 1487 1
1502 1452 1623 1487 nimis
1653 1451 1810 1488 concise
1837 1452 1968 1489 denuo
1993 1451 2069 1489 hoc

403 1515 532 1551 voluit
569 1516 814 1561 exprimere:
853 1516 1074 1553 Charinum
1114 1514 1357 1551 moriturum
1396 1523 1441 1549 se
1479 1513 1579 1549 dixit
1616 1513 1743 1560 prius,
1781 1514 1805 1550 i.
1844 1523 1878 1550 e.
1917 1514 2066 1562 potius,

403 1587 522 1621 quam
551 1578 737 1622 pudenda
764 1577 973 1624 fateretur,
1003 1578 1084 1614 scil.
1116 1587 1160 1613 se
1189 1585 1327 1613 amare
1361 1575 1476 1611 amici
1505 1584 1714 1621 sponsam,
1739 1577 1845 1621 quod
1868 1577 1957 1613 tum
1981 1585 2068 1622 ape·

403 1639 505 1675 ritur
533 1650 556 1676 a
588 1640 742 1685 Byrria.

295 1699 372 1736 324
480 1702 637 1738 Donato
675 1702 763 1738 dedi
801 1702 824 1738 2
862 1704 902 1738 et
939 1703 975 1748 6,
1015 1712 1117 1747 quae
1154 1701 1195 1737 in
1228 1700 1458 1736 commento
1500 1709 1629 1735 unum
1659 1699 1858 1736 scholium
1886 1699 2068 1737 effecisse

401 1763 600 1808 videntur,
632 1765 788 1800 omissa
815 1764 1056 1809 repetitione
1086 1764 1149 1799 ‘ne
1179 1762 1319 1798 valde’.
1351 1762 1540 1798 Ceterum
1566 1762 1613 1797 de
1639 1757 1778 1798 “valde’
1809 1762 1855 1798 cf.
1881 1762 1970 1799 772.
1989 1761 2066 1799 939

403 1826 442 1861 et
471 1825 517 1861 ad
548 1825 646 1870 prol.
679 1827 738 1872 17,
769 1827 859 1862 vide
889 1827 936 1862 ad
967 1826 1068 1862 Eun.
1100 1825 1186 1862 285.

454 1887 477 1924 3
520 1888 565 1924 cf.
607 1888 707 1924 Don.
736 1888 760 1923 4
789 1890 829 1924 et
858 1888 978 1933 praef.
1009 1898 1045 1933 p.
1076 1898 1117 1924 x.
1202 1886 1225 1922 5
1261 1885 1365 1921 Nihil
1404 1884 1483 1921 tale
1520 1885 1628 1921 inest
1658 1885 1698 1921 in
1728 1887 1861 1937 verbis
1889 1887 2065 1933 Byrriae.

403 1950 480 1986 Mn.
512 1950 575 1986 32.
606 1950 694 1986 234.

294 2011 368 2048 327
454 2012 478 2048 2
501 2012 547 2049 cf.
580 2012 678 2048 Don.
705 2011 729 2048 5
757 2013 797 2048 et
826 2011 949 2056 praef.
978 2021 1015 2056 p.
1047 2021 1085 2047 X.
1171 2009 1458 2047 31mmo=si
1482 2009 1520 2044 id
1536 2018 1616 2045 non
1635 2016 1729 2054 pote
1757 1998 2066 2057 est;cf.speng.

293 2073 370 2110 328
455 2074 473 2109 1
491 2085 515 2109 α
549 2074 870 2110 additamentum
900 2073 1059 2110 causale
1089 2082 1258 2118 prorsus
1286 2071 1446 2108 falsum.
1523 2071 1548 2106 4
1577 2071 1689 2108 Serv.
1719 2073 1767 2108 ad
1795 2074 1895 2109 Aen.
1929 2073 1962 2109 1.
1993 2073 2065 2112 70:

400 2135 606 2172 sciendum
637 2137 701 2172 est
729 2146 829 2172 sane
857 2136 962 2172 hanc
987 2138 1118 2172 artem
1148 2144 1239 2171 esse
1263 2134 1485 2179 petitionis,
1511 2134 1556 2169 ut
1580 2134 1736 2170 minora
1756 2134 1974 2180 impetrare
2001 2145 2065 2172 cu·

400 2197 557 2242 pientes
586 2198 740 2234 maiora
768 2208 999 2242 poscamus.
1031 2198 1153 2240 Eugr.
1184 2207 1221 2242 p.
1252 2196 1315 2233 33.

293 2258 371 2295 330
456 2260 473 2294 1
504 2269 628 2304 supra
656 2261 718 2296 ad.
748 2260 837 2296 271.

293 2319 367 2356 331
454 2321 477 2357 2
515 2321 561 2357 cf.
602 2322 718 2366 Eugr.
761 2331 798 2366 p.
838 2321 902 2366 33,
932 2322 999 2365 qui
1028 2322 1126 2358 citat
1155 2322 1254 2358 Aen.
1283 2320 1319 2355 4.
1348 2319 1438 2364 434,
1468 2320 1507 2354 et
1531 2319 1642 2355 Serv.
1667 2321 1716 2356 ad
1741 2321 1842 2360 Aen.
1874 2322 1907 2357 1.
1936 2322 1998 2367 74,
2026 2321 2063 2359 4.

400 2382 488 2428 335,
528 2383 592 2419 ubi
635 2383 782 2420 citatur
824 2385 900 2419 An.
949 2384 1035 2422 139.
1078 2385 1154 2419 Ad.
1198 2383 1286 2419 681.
1374 2381 1435 2416 1α-
1477 2381 1632 2417 notavit
1675 2382 1838 2419 Wessn.
1922 2384 1945 2421 3
1975 2384 2063 2422 vide

400 2444 522 2489 praef.
551 2455 587 2490 p.
618 2455 660 2481 XI
742 2445 764 2481 6
794 2446 870 2481 Mn.
901 2445 964 2482 32.
997 2446 1082 2482 297.

293 2504 370 2540 333
452 2504 475 2541 3
505 2505 581 2541 Mn.
613 2505 674 2542 32.
702 2507 777 2543 290
807 2507 959 2544 scholia
988 2518 1058 2552 per
1089 2508 1224 2552 ‘erg0'.

292 2566 370 2603 334
455 2567 487 2603 1.
527 2568 551 2604 2
589 2567 811 2606 differentia
852 2571 892 2605 et
928 2570 1131 2606 conclusio
1171 2579 1212 2605 re
1250 2571 1292 2606 et
1328 2570 1457 2607 forma
1494 2572 1596 2608 satis
1635 2570 1738 2607 mira
1777 2572 1896 2616 sunt;
1930 2580 2062 2607 exem-

399 2628 510 2674 plum
541 2639 682 2674 parum
712 2632 982 2668 commodum.
1009 2631 1062 2668 Cf.
1092 2632 1192 2668 Eun.
1228 2631 1341 2669 1035.

292 2690 369 2726 335
452 2690 476 2727 2
503 2690 701 2737 ineptum,
731 2693 808 2728 Mn.
839 2692 900 2729 32.
933 2693 1021 2729 242.

291 2751 367 2788 337
452 2751 475 2788 3
504 2753 544 2787 et
572 2752 646 2788 hoc
674 2756 715 2790 et
743 2755 831 2791 338.
863 2756 885 2791 3
916 2755 1015 2790 mihi
1044 2757 1297 2800 suspectum.

291 2813 368 2850 338
455 2813 473 2848 1
505 2813 551 2849 cf.
583 2814 670 2851 301.
705 2816 723 2851 1
756 2817 832 2852 Mn.
863 2816 910 2852 39
941 2820 988 2854 (a.
1023 2816 1135 2859 1911)
1166 2827 1202 2861 p.
1237 2817 1310 2854 172
1339 2818 1429 2854 adn.
1462 2817 1505 2854 2:
1539 2818 1716 2855 ‘fortuna
1745 2820 1875 2855 mixta
1891 2829 1922 2856 r.
1940 2820 2059 2855 d.¹=

398 2884 442 2911 se
482 2875 714 2912 immiscens
753 2878 872 2913 rebus
909 2887 932 2912 a
969 2877 1125 2914 fabulae
1167 2880 1352 2923 personis
1389 2879 1501 2922 scite,
1542 2882 1586 2916 ut
1613 2881 1822 2926 putabant,
1851 2880 2056 2917 ordinatis.

397 2935 595 2973 Hartman
623 2948 659 2983 p.
695 2939 766 2976 138
797 2949 1004 2984 perperam
1033 2940 1200 2976 coniecit
1232 2941 1365 2977 ‘rebus
1397 2942 1652 2986 desperatis'.

291 2998 369 3035 339
449 2999 512 3035 Sic
548 2999 629 3035 fere
667 3001 786 3045 Eugr.
825 3011 862 3046 p.
898 3001 960 3038 34.
997 3002 1109 3038 Serv.
1149 3004 1196 3038 ad
1237 3005 1335 3039 Aen.
1378 3004 1410 3038 1.
1450 3004 1539 3048 720,
1579 3007 1644 3048 qui
1683 3005 1780 3041 citat
1809 3005 1848 3041 h.
1878 3005 1902 3040 l.
1945 3005 2053 3041 Ten:

399 3061 492 3096 ordo
521 3062 730 3108 naturalis,
764 3062 875 3107 prius
901 3062 1008 3099 enim
1029 3065 1092 3099 est
1119 3063 1289 3101 avellere
1312 3065 1565 3102 inhaerentia
1587 3069 1628 3102 et
1651 3068 1745 3111 post
1768 3076 1875 3103 nova
1897 3066 2053 3103 inferre.

2214 1097 2236 1122 ἃ.

2212 1143 2233 1185 Γ,

2212 1203 2234 1235 Ἰ’1

2212 1248 2215 1269 ἴ

2212 1277 2214 1294 i

2230 1412 2233 1421 .

2210 1494 2233 1514 >l

2209 1531 2230 1546 ¹1

2212 1555 2232 1566 »ο
