<?xml version="1.0" encoding="UTF-8"?>
<!DOCTYPE html PUBLIC "-//W3C//DTD XHTML 1.0 Transitional//EN"
    "http://www.w3.org/TR/xhtml1/DTD/xhtml1-transitional.dtd">
<html xmlns="http://www.w3.org/1999/xhtml" xml:lang="en" lang="en">
 <head>
  <title>
</title>
<meta http-equiv="Content-Type" content="text/html;charset=utf-8" />
  <meta name='ocr-system' content='tesseract 3.04.00' />
  <meta name='ocr-capabilities' content='ocr_page ocr_carea ocr_par ocr_line ocrx_word'/>
</head>
<body>
  <div class='ocr_page' id='page_1' title='image "./commentidonatian00donauoft/commentidonatian00donauoft_0029.png"; bbox 0 0 2242 3443; ppageno 0'>
   <div class='ocr_carea' id='block_1_1' title="bbox 0 245 37 3443">
    <p class='ocr_par' dir='ltr' id='par_1_1' title="bbox 0 245 37 3443">
     <span class='ocr_line' id='line_1_1' title="bbox 0 245 37 3443; baseline 0 0"><span class='ocrx_word' id='word_1_1' title='bbox 0 245 37 3443; x_wconf 95' lang='lat' dir='ltr'> </span> 
     </span>
    </p>
   </div>
   <div class='ocr_carea' id='block_1_2' title="bbox 919 232 1913 261">
    <p class='ocr_par' dir='ltr' id='par_1_2' title="bbox 919 232 1913 261">
     <span class='ocr_line' id='line_1_2' title="bbox 919 232 1913 261; baseline 0.002 -2"><span class='ocrx_word' id='word_1_2' title='bbox 919 232 998 260; x_wconf 72' lang='lat' dir='ltr'>PRA</span> <span class='ocrx_word' id='word_1_3' title='bbox 1009 234 1172 261; x_wconf 59' lang='lat' dir='ltr'>EFA&#39;HU.</span> <span class='ocrx_word' id='word_1_4' title='bbox 1840 236 1913 261; x_wconf 76' lang='lat' dir='ltr'>XlX</span> 
     </span>
    </p>
   </div>
   <div class='ocr_carea' id='block_1_3' title="bbox 163 346 1921 699">
    <p class='ocr_par' dir='ltr' id='par_1_3' title="bbox 163 346 1921 699">
     <span class='ocr_line' id='line_1_3' title="bbox 164 346 1916 396; baseline 0 -10"><span class='ocrx_word' id='word_1_5' title='bbox 164 349 312 386; x_wconf 86' lang='lat' dir='ltr'>tamen</span> <span class='ocrx_word' id='word_1_6' title='bbox 343 346 387 384; x_wconf 91' lang='lat' dir='ltr'>in</span> <span class='ocrx_word' id='word_1_7' title='bbox 418 346 498 385; x_wconf 86' lang='lat' dir='ltr'>hoc</span> <span class='ocrx_word' id='word_1_8' title='bbox 530 357 686 395; x_wconf 83' lang='lat' dir='ltr'>genere</span> <span class='ocrx_word' id='word_1_9' title='bbox 720 347 862 385; x_wconf 91' lang='lat' dir='ltr'>multa</span> <span class='ocrx_word' id='word_1_10' title='bbox 893 357 991 386; x_wconf 88' lang='lat' dir='ltr'>esse</span> <span class='ocrx_word' id='word_1_11' title='bbox 1026 348 1236 396; x_wconf 90' lang='lat' dir='ltr'>vidimus,</span> <span class='ocrx_word' id='word_1_12' title='bbox 1271 359 1381 396; x_wconf 78' lang='lat' dir='ltr'>quae</span> <span class='ocrx_word' id='word_1_13' title='bbox 1414 359 1468 386; x_wconf 75' lang='lat' dir='ltr'>ex</span> <span class='ocrx_word' id='word_1_14' title='bbox 1500 348 1700 395; x_wconf 77' lang='lat' dir='ltr'>genuinis</span> <span class='ocrx_word' id='word_1_15' title='bbox 1734 349 1820 386; x_wconf 81' lang='lat' dir='ltr'>illis</span> <span class='ocrx_word' id='word_1_16' title='bbox 1849 360 1916 387; x_wconf 80' lang='lat' dir='ltr'>ex-</span> 
     </span>
     <span class='ocr_line' id='line_1_4' title="bbox 164 422 1917 471; baseline 0 -10"><span class='ocrx_word' id='word_1_17' title='bbox 164 424 310 471; x_wconf 88' lang='lat' dir='ltr'>cerpta</span> <span class='ocrx_word' id='word_1_18' title='bbox 356 432 452 460; x_wconf 89' lang='lat' dir='ltr'>esse</span> <span class='ocrx_word' id='word_1_19' title='bbox 494 423 683 470; x_wconf 84' lang='lat' dir='ltr'>possint,</span> <span class='ocrx_word' id='word_1_20' title='bbox 729 422 805 460; x_wconf 90' lang='lat' dir='ltr'>sed</span> <span class='ocrx_word' id='word_1_21' title='bbox 849 422 1114 462; x_wconf 78' lang='lat' dir='ltr'>scholiastae</span> <span class='ocrx_word' id='word_1_22' title='bbox 1146 425 1190 462; x_wconf 92' lang='lat' dir='ltr'>in</span> <span class='ocrx_word' id='word_1_23' title='bbox 1222 424 1277 462; x_wconf 89' lang='lat' dir='ltr'>iis</span> <span class='ocrx_word' id='word_1_24' title='bbox 1310 424 1386 461; x_wconf 90' lang='lat' dir='ltr'>aut</span> <span class='ocrx_word' id='word_1_25' title='bbox 1418 423 1579 470; x_wconf 88' lang='lat' dir='ltr'>aliquid</span> <span class='ocrx_word' id='word_1_26' title='bbox 1613 424 1711 461; x_wconf 87' lang='lat' dir='ltr'>novi</span> <span class='ocrx_word' id='word_1_27' title='bbox 1746 424 1826 471; x_wconf 87' lang='lat' dir='ltr'>ipsi</span> <span class='ocrx_word' id='word_1_28' title='bbox 1861 425 1917 461; x_wconf 91' lang='lat' dir='ltr'>in-</span> 
     </span>
     <span class='ocr_line' id='line_1_5' title="bbox 167 497 1921 546; baseline 0 -10"><span class='ocrx_word' id='word_1_29' title='bbox 167 499 398 546; x_wconf 89' lang='lat' dir='ltr'>venerunt,</span> <span class='ocrx_word' id='word_1_30' title='bbox 429 499 505 536; x_wconf 90' lang='lat' dir='ltr'>aut</span> <span class='ocrx_word' id='word_1_31' title='bbox 533 497 696 536; x_wconf 84' lang='lat' dir='ltr'>imitati</span> <span class='ocrx_word' id='word_1_32' title='bbox 716 500 760 536; x_wconf 89' lang='lat' dir='ltr'>et</span> <span class='ocrx_word' id='word_1_33' title='bbox 777 497 989 536; x_wconf 84' lang='lat' dir='ltr'>aemulati</span> <span class='ocrx_word' id='word_1_34' title='bbox 1007 500 1110 536; x_wconf 87' lang='lat' dir='ltr'>sunt</span> <span class='ocrx_word' id='word_1_35' title='bbox 1128 499 1369 546; x_wconf 76' lang='lat' dir='ltr'>liberrime,</span> <span class='ocrx_word' id='word_1_36' title='bbox 1390 508 1499 545; x_wconf 87' lang='lat' dir='ltr'>quae</span> <span class='ocrx_word' id='word_1_37' title='bbox 1517 499 1567 536; x_wconf 88' lang='lat' dir='ltr'>de</span> <span class='ocrx_word' id='word_1_38' title='bbox 1586 498 1738 536; x_wconf 87' lang='lat' dir='ltr'>iisdem</span> <span class='ocrx_word' id='word_1_39' title='bbox 1758 499 1862 536; x_wconf 79' lang='lat' dir='ltr'>locis</span> <span class='ocrx_word' id='word_1_40' title='bbox 1880 500 1921 536; x_wconf 90' lang='lat' dir='ltr'>in</span> 
     </span>
     <span class='ocr_line' id='line_1_6' title="bbox 163 573 1921 621; baseline 0 -9"><span class='ocrx_word' id='word_1_41' title='bbox 163 573 342 612; x_wconf 78' lang='lat' dir='ltr'>scholiis</span> <span class='ocrx_word' id='word_1_42' title='bbox 369 573 571 621; x_wconf 87' lang='lat' dir='ltr'>genuinis</span> <span class='ocrx_word' id='word_1_43' title='bbox 599 573 878 621; x_wconf 86' lang='lat' dir='ltr'>legebantur;</span> <span class='ocrx_word' id='word_1_44' title='bbox 907 574 1090 621; x_wconf 90' lang='lat' dir='ltr'>denique</span> <span class='ocrx_word' id='word_1_45' title='bbox 1118 584 1218 612; x_wconf 86' lang='lat' dir='ltr'>rara</span> <span class='ocrx_word' id='word_1_46' title='bbox 1239 577 1409 613; x_wconf 88' lang='lat' dir='ltr'>tantum</span> <span class='ocrx_word' id='word_1_47' title='bbox 1432 576 1472 612; x_wconf 89' lang='lat' dir='ltr'>et</span> <span class='ocrx_word' id='word_1_48' title='bbox 1491 574 1638 612; x_wconf 85' lang='lat' dir='ltr'>brevia</span> <span class='ocrx_word' id='word_1_49' title='bbox 1657 575 1921 612; x_wconf 81' lang='lat' dir='ltr'>scholiorum</span> 
     </span>
     <span class='ocr_line' id='line_1_7' title="bbox 164 648 1920 699; baseline 0.001 -12"><span class='ocrx_word' id='word_1_50' title='bbox 164 648 286 697; x_wconf 84' lang='lat' dir='ltr'>paria</span> <span class='ocrx_word' id='word_1_51' title='bbox 319 649 382 686; x_wconf 88' lang='lat' dir='ltr'>ita</span> <span class='ocrx_word' id='word_1_52' title='bbox 413 658 459 687; x_wconf 92' lang='lat' dir='ltr'>se</span> <span class='ocrx_word' id='word_1_53' title='bbox 491 648 651 687; x_wconf 76' lang='lat' dir='ltr'>habere</span> <span class='ocrx_word' id='word_1_54' title='bbox 686 649 894 697; x_wconf 85' lang='lat' dir='ltr'>vidimus,</span> <span class='ocrx_word' id='word_1_55' title='bbox 925 652 974 688; x_wconf 92' lang='lat' dir='ltr'>ut</span> <span class='ocrx_word' id='word_1_56' title='bbox 1002 651 1150 688; x_wconf 91' lang='lat' dir='ltr'>utrum</span> <span class='ocrx_word' id='word_1_57' title='bbox 1178 650 1417 698; x_wconf 86' lang='lat' dir='ltr'>genuinum</span> <span class='ocrx_word' id='word_1_58' title='bbox 1446 651 1523 699; x_wconf 87' lang='lat' dir='ltr'>sit,</span> <span class='ocrx_word' id='word_1_59' title='bbox 1554 651 1693 698; x_wconf 80' lang='lat' dir='ltr'>possit</span> <span class='ocrx_word' id='word_1_60' title='bbox 1721 650 1920 688; x_wconf 81' lang='lat' dir='ltr'>dubitari.</span> 
     </span>
    </p>
   </div>
   <div class='ocr_carea' id='block_1_4' title="bbox 329 800 1756 916">
    <p class='ocr_par' dir='ltr' id='par_1_4' title="bbox 329 800 1756 916">
     <span class='ocr_line' id='line_1_8' title="bbox 329 800 1756 850; baseline -0.001 -11"><span class='ocrx_word' id='word_1_61' title='bbox 329 800 558 839; x_wconf 80' lang='lat' dir='ltr'>Scholia</span> <span class='ocrx_word' id='word_1_62' title='bbox 591 801 819 840; x_wconf 86' lang='lat' dir='ltr'>diversa</span> <span class='ocrx_word' id='word_1_63' title='bbox 851 803 946 839; x_wconf 87' lang='lat' dir='ltr'>aut</span> <span class='ocrx_word' id='word_1_64' title='bbox 980 802 1363 850; x_wconf 83' lang='lat' dir='ltr'>repugnantia</span> <span class='ocrx_word' id='word_1_65' title='bbox 1396 801 1457 840; x_wconf 89' lang='lat' dir='ltr'>ad</span> <span class='ocrx_word' id='word_1_66' title='bbox 1491 801 1756 840; x_wconf 85' lang='lat' dir='ltr'>Andriam</span> 
     </span>
     <span class='ocr_line' id='line_1_9' title="bbox 828 876 1256 916; baseline 0.002 -1"><span class='ocrx_word' id='word_1_67' title='bbox 828 878 880 915; x_wconf 87' lang='lat' dir='ltr'>et</span> <span class='ocrx_word' id='word_1_68' title='bbox 912 876 1256 916; x_wconf 88' lang='lat' dir='ltr'>Eunuchum.</span> 
     </span>
    </p>
   </div>
   <div class='ocr_carea' id='block_1_5' title="bbox 106 1000 1931 2792">
    <p class='ocr_par' dir='ltr' id='par_1_5' title="bbox 167 1000 1922 1201">
     <span class='ocr_line' id='line_1_10' title="bbox 283 1000 1919 1050; baseline -0.002 -10"><span class='ocrx_word' id='word_1_69' title='bbox 283 1002 394 1040; x_wconf 86' lang='lat' dir='ltr'>Sunt</span> <span class='ocrx_word' id='word_1_70' title='bbox 425 1001 691 1041; x_wconf 87' lang='lat' dir='ltr'>scholiorum</span> <span class='ocrx_word' id='word_1_71' title='bbox 725 1001 862 1050; x_wconf 86' lang='lat' dir='ltr'>paria,</span> <span class='ocrx_word' id='word_1_72' title='bbox 897 1002 940 1039; x_wconf 88' lang='lat' dir='ltr'>in</span> <span class='ocrx_word' id='word_1_73' title='bbox 973 1001 1130 1049; x_wconf 89' lang='lat' dir='ltr'>quibus</span> <span class='ocrx_word' id='word_1_74' title='bbox 1161 1001 1211 1040; x_wconf 90' lang='lat' dir='ltr'>de</span> <span class='ocrx_word' id='word_1_75' title='bbox 1244 1001 1400 1039; x_wconf 89' lang='lat' dir='ltr'>iisdem</span> <span class='ocrx_word' id='word_1_76' title='bbox 1434 1000 1563 1039; x_wconf 89' lang='lat' dir='ltr'>rebus</span> <span class='ocrx_word' id='word_1_77' title='bbox 1596 1001 1819 1048; x_wconf 86' lang='lat' dir='ltr'>opiniones</span> <span class='ocrx_word' id='word_1_78' title='bbox 1851 1009 1919 1037; x_wconf 83' lang='lat' dir='ltr'>ex-</span> 
     </span>
     <span class='ocr_line' id='line_1_11' title="bbox 167 1075 1922 1126; baseline -0.002 -11"><span class='ocrx_word' id='word_1_79' title='bbox 167 1077 390 1126; x_wconf 83' lang='lat' dir='ltr'>hibentur,</span> <span class='ocrx_word' id='word_1_80' title='bbox 434 1087 545 1125; x_wconf 82' lang='lat' dir='ltr'>quae</span> <span class='ocrx_word' id='word_1_81' title='bbox 586 1079 662 1116; x_wconf 89' lang='lat' dir='ltr'>aut</span> <span class='ocrx_word' id='word_1_82' title='bbox 703 1076 906 1116; x_wconf 89' lang='lat' dir='ltr'>diversae</span> <span class='ocrx_word' id='word_1_83' title='bbox 949 1079 1124 1115; x_wconf 88' lang='lat' dir='ltr'>tantum</span> <span class='ocrx_word' id='word_1_84' title='bbox 1156 1079 1278 1125; x_wconf 88' lang='lat' dir='ltr'>sunt,</span> <span class='ocrx_word' id='word_1_85' title='bbox 1313 1079 1388 1115; x_wconf 90' lang='lat' dir='ltr'>aut</span> <span class='ocrx_word' id='word_1_86' title='bbox 1422 1076 1604 1115; x_wconf 87' lang='lat' dir='ltr'>adverso</span> <span class='ocrx_word' id='word_1_87' title='bbox 1637 1076 1776 1114; x_wconf 82' lang='lat' dir='ltr'>fronte</span> <span class='ocrx_word' id='word_1_88' title='bbox 1811 1075 1922 1113; x_wconf 89' lang='lat' dir='ltr'>inter</span> 
     </span>
     <span class='ocr_line' id='line_1_12' title="bbox 167 1155 458 1201; baseline 0 -9"><span class='ocrx_word' id='word_1_89' title='bbox 167 1163 214 1192; x_wconf 89' lang='lat' dir='ltr'>se</span> <span class='ocrx_word' id='word_1_90' title='bbox 246 1155 458 1201; x_wconf 85' lang='lat' dir='ltr'>pugnant.</span> 
     </span>
    </p>

    <p class='ocr_par' dir='ltr' id='par_1_6' title="bbox 106 1226 1931 2792">
     <span class='ocr_line' id='line_1_13' title="bbox 285 1226 1924 1277; baseline -0.004 -9"><span class='ocrx_word' id='word_1_91' title='bbox 285 1229 384 1277; x_wconf 88' lang='lat' dir='ltr'>Ipse</span> <span class='ocrx_word' id='word_1_92' title='bbox 432 1228 628 1267; x_wconf 86' lang='lat' dir='ltr'>Donatus</span> <span class='ocrx_word' id='word_1_93' title='bbox 666 1229 709 1266; x_wconf 92' lang='lat' dir='ltr'>in</span> <span class='ocrx_word' id='word_1_94' title='bbox 754 1238 839 1267; x_wconf 90' lang='lat' dir='ltr'>uno</span> <span class='ocrx_word' id='word_1_95' title='bbox 881 1228 1123 1276; x_wconf 88' lang='lat' dir='ltr'>eodemque</span> <span class='ocrx_word' id='word_1_96' title='bbox 1166 1228 1333 1267; x_wconf 88' lang='lat' dir='ltr'>scholio</span> <span class='ocrx_word' id='word_1_97' title='bbox 1377 1236 1691 1276; x_wconf 86' lang='lat' dir='ltr'>saepenumero</span> <span class='ocrx_word' id='word_1_98' title='bbox 1730 1226 1924 1264; x_wconf 80' lang='lat' dir='ltr'>diversas</span> 
     </span>
     <span class='ocr_line' id='line_1_14' title="bbox 168 1301 1929 1354; baseline -0.004 -9"><span class='ocrx_word' id='word_1_99' title='bbox 168 1306 365 1345; x_wconf 89' lang='lat' dir='ltr'>eiusdem</span> <span class='ocrx_word' id='word_1_100' title='bbox 413 1306 476 1345; x_wconf 89' lang='lat' dir='ltr'>rei</span> <span class='ocrx_word' id='word_1_101' title='bbox 518 1306 903 1354; x_wconf 82' lang='lat' dir='ltr'>interpretationes</span> <span class='ocrx_word' id='word_1_102' title='bbox 944 1305 1144 1354; x_wconf 85' lang='lat' dir='ltr'>protulit,</span> <span class='ocrx_word' id='word_1_103' title='bbox 1184 1306 1226 1344; x_wconf 93' lang='lat' dir='ltr'>et</span> <span class='ocrx_word' id='word_1_104' title='bbox 1259 1305 1321 1343; x_wconf 85' lang='lat' dir='ltr'>ita</span> <span class='ocrx_word' id='word_1_105' title='bbox 1352 1304 1526 1352; x_wconf 89' lang='lat' dir='ltr'>quidem</span> <span class='ocrx_word' id='word_1_106' title='bbox 1560 1304 1607 1340; x_wconf 89' lang='lat' dir='ltr'>ut</span> <span class='ocrx_word' id='word_1_107' title='bbox 1640 1301 1789 1340; x_wconf 87' lang='lat' dir='ltr'>lectori</span> <span class='ocrx_word' id='word_1_108' title='bbox 1823 1301 1929 1339; x_wconf 89' lang='lat' dir='ltr'>deci-</span> 
     </span>
     <span class='ocr_line' id='line_1_15' title="bbox 168 1378 1927 1430; baseline -0.004 -10"><span class='ocrx_word' id='word_1_109' title='bbox 168 1381 338 1421; x_wconf 87' lang='lat' dir='ltr'>sionem</span> <span class='ocrx_word' id='word_1_110' title='bbox 398 1382 530 1430; x_wconf 90' lang='lat' dir='ltr'>vulgo</span> <span class='ocrx_word' id='word_1_111' title='bbox 587 1381 826 1429; x_wconf 89' lang='lat' dir='ltr'>relinquat;</span> <span class='ocrx_word' id='word_1_112' title='bbox 886 1392 935 1420; x_wconf 88' lang='lat' dir='ltr'>ea</span> <span class='ocrx_word' id='word_1_113' title='bbox 991 1383 1138 1420; x_wconf 87' lang='lat' dir='ltr'>autem</span> <span class='ocrx_word' id='word_1_114' title='bbox 1187 1391 1296 1428; x_wconf 88' lang='lat' dir='ltr'>quae</span> <span class='ocrx_word' id='word_1_115' title='bbox 1344 1389 1460 1418; x_wconf 90' lang='lat' dir='ltr'>nunc</span> <span class='ocrx_word' id='word_1_116' title='bbox 1507 1380 1775 1427; x_wconf 78' lang='lat' dir='ltr'>spectantur,</span> <span class='ocrx_word' id='word_1_117' title='bbox 1825 1378 1927 1414; x_wconf 89' lang='lat' dir='ltr'>sunt</span> 
     </span>
     <span class='ocr_line' id='line_1_16' title="bbox 167 1452 1923 1505; baseline -0.004 -9"><span class='ocrx_word' id='word_1_118' title='bbox 167 1457 335 1496; x_wconf 87' lang='lat' dir='ltr'>scholia</span> <span class='ocrx_word' id='word_1_119' title='bbox 376 1457 566 1505; x_wconf 90' lang='lat' dir='ltr'>diversa,</span> <span class='ocrx_word' id='word_1_120' title='bbox 603 1459 677 1496; x_wconf 90' lang='lat' dir='ltr'>aut</span> <span class='ocrx_word' id='word_1_121' title='bbox 718 1457 879 1496; x_wconf 84' lang='lat' dir='ltr'>iuxta</span> <span class='ocrx_word' id='word_1_122' title='bbox 919 1467 976 1496; x_wconf 89' lang='lat' dir='ltr'>se</span> <span class='ocrx_word' id='word_1_123' title='bbox 1021 1457 1269 1495; x_wconf 89' lang='lat' dir='ltr'>invicem</span> <span class='ocrx_word' id='word_1_124' title='bbox 1303 1455 1494 1504; x_wconf 89' lang='lat' dir='ltr'>posita</span> <span class='ocrx_word' id='word_1_125' title='bbox 1526 1456 1601 1492; x_wconf 87' lang='lat' dir='ltr'>aut</span> <span class='ocrx_word' id='word_1_126' title='bbox 1632 1452 1742 1491; x_wconf 89' lang='lat' dir='ltr'>sibi</span> <span class='ocrx_word' id='word_1_127' title='bbox 1775 1461 1923 1499; x_wconf 89' lang='lat' dir='ltr'>oppo-</span> 
     </span>
     <span class='ocr_line' id='line_1_17' title="bbox 167 1527 1927 1581; baseline -0.005 -10"><span class='ocrx_word' id='word_1_128' title='bbox 167 1533 295 1581; x_wconf 88' lang='lat' dir='ltr'>sita,</span> <span class='ocrx_word' id='word_1_129' title='bbox 340 1533 467 1581; x_wconf 88' lang='lat' dir='ltr'>idque</span> <span class='ocrx_word' id='word_1_130' title='bbox 509 1533 638 1572; x_wconf 91' lang='lat' dir='ltr'>modo</span> <span class='ocrx_word' id='word_1_131' title='bbox 679 1533 774 1573; x_wconf 90' lang='lat' dir='ltr'>sine</span> <span class='ocrx_word' id='word_1_132' title='bbox 807 1533 954 1581; x_wconf 87' lang='lat' dir='ltr'>aliqua</span> <span class='ocrx_word' id='word_1_133' title='bbox 986 1533 1207 1581; x_wconf 87' lang='lat' dir='ltr'>iunctura,</span> <span class='ocrx_word' id='word_1_134' title='bbox 1242 1532 1372 1570; x_wconf 91' lang='lat' dir='ltr'>modo</span> <span class='ocrx_word' id='word_1_135' title='bbox 1406 1541 1481 1578; x_wconf 91' lang='lat' dir='ltr'>per</span> <span class='ocrx_word' id='word_1_136' title='bbox 1512 1528 1747 1578; x_wconf 86' lang='lat' dir='ltr'>particulas</span> <span class='ocrx_word' id='word_1_137' title='bbox 1780 1527 1927 1565; x_wconf 88' lang='lat' dir='ltr'>adver·</span> 
     </span>
     <span class='ocr_line' id='line_1_18' title="bbox 167 1602 1925 1658; baseline -0.006 -10"><span class='ocrx_word' id='word_1_138' title='bbox 167 1609 335 1648; x_wconf 87' lang='lat' dir='ltr'>sativas</span> <span class='ocrx_word' id='word_1_139' title='bbox 375 1609 581 1657; x_wconf 89' lang='lat' dir='ltr'>aliasque.</span> <span class='ocrx_word' id='word_1_140' title='bbox 626 1609 670 1648; x_wconf 84' lang='lat' dir='ltr'>Si</span> <span class='ocrx_word' id='word_1_141' title='bbox 711 1609 794 1648; x_wconf 89' lang='lat' dir='ltr'>sibi</span> <span class='ocrx_word' id='word_1_142' title='bbox 836 1610 1215 1658; x_wconf 90' lang='lat' dir='ltr'>opponuntur,</span> <span class='ocrx_word' id='word_1_143' title='bbox 1259 1608 1485 1646; x_wconf 88' lang='lat' dir='ltr'>auctorum</span> <span class='ocrx_word' id='word_1_144' title='bbox 1529 1604 1759 1643; x_wconf 88' lang='lat' dir='ltr'>diversitas</span> <span class='ocrx_word' id='word_1_145' title='bbox 1791 1602 1925 1640; x_wconf 89' lang='lat' dir='ltr'>mani-</span> 
     </span>
     <span class='ocr_line' id='line_1_19' title="bbox 167 1677 1927 1734; baseline -0.006 -10"><span class='ocrx_word' id='word_1_146' title='bbox 167 1685 282 1724; x_wconf 86' lang='lat' dir='ltr'>festa</span> <span class='ocrx_word' id='word_1_147' title='bbox 313 1686 396 1734; x_wconf 85' lang='lat' dir='ltr'>est,</span> <span class='ocrx_word' id='word_1_148' title='bbox 430 1685 515 1724; x_wconf 90' lang='lat' dir='ltr'>nisi</span> <span class='ocrx_word' id='word_1_149' title='bbox 551 1685 649 1733; x_wconf 87' lang='lat' dir='ltr'>quis</span> <span class='ocrx_word' id='word_1_150' title='bbox 681 1684 774 1723; x_wconf 87' lang='lat' dir='ltr'>veri</span> <span class='ocrx_word' id='word_1_151' title='bbox 806 1684 953 1723; x_wconf 91' lang='lat' dir='ltr'>simile</span> <span class='ocrx_word' id='word_1_152' title='bbox 987 1694 1084 1723; x_wconf 90' lang='lat' dir='ltr'>esse</span> <span class='ocrx_word' id='word_1_153' title='bbox 1117 1683 1281 1731; x_wconf 90' lang='lat' dir='ltr'>credat,</span> <span class='ocrx_word' id='word_1_154' title='bbox 1318 1682 1505 1721; x_wconf 89' lang='lat' dir='ltr'>eundem</span> <span class='ocrx_word' id='word_1_155' title='bbox 1538 1681 1758 1718; x_wconf 85' lang='lat' dir='ltr'>auctorem</span> <span class='ocrx_word' id='word_1_156' title='bbox 1788 1677 1927 1716; x_wconf 84' lang='lat' dir='ltr'>altera</span> 
     </span>
     <span class='ocr_line' id='line_1_20' title="bbox 167 1750 1926 1808; baseline -0.006 -8"><span class='ocrx_word' id='word_1_157' title='bbox 167 1760 445 1800; x_wconf 89' lang='lat' dir='ltr'>adnotatione</span> <span class='ocrx_word' id='word_1_158' title='bbox 486 1760 638 1799; x_wconf 88' lang='lat' dir='ltr'>statim</span> <span class='ocrx_word' id='word_1_159' title='bbox 683 1760 897 1799; x_wconf 88' lang='lat' dir='ltr'>evertisse</span> <span class='ocrx_word' id='word_1_160' title='bbox 940 1759 1053 1808; x_wconf 81' lang='lat' dir='ltr'>quod</span> <span class='ocrx_word' id='word_1_161' title='bbox 1097 1759 1140 1797; x_wconf 91' lang='lat' dir='ltr'>in</span> <span class='ocrx_word' id='word_1_162' title='bbox 1183 1758 1322 1797; x_wconf 88' lang='lat' dir='ltr'>altera</span> <span class='ocrx_word' id='word_1_163' title='bbox 1354 1757 1640 1806; x_wconf 86' lang='lat' dir='ltr'>proposuerat</span> <span class='ocrx_word' id='word_1_164' title='bbox 1661 1750 1700 1798; x_wconf 87' lang='lat'>¹).</span> <span class='ocrx_word' id='word_1_165' title='bbox 1749 1753 1792 1791; x_wconf 84' lang='lat' dir='ltr'>Si</span> <span class='ocrx_word' id='word_1_166' title='bbox 1825 1762 1926 1791; x_wconf 89' lang='lat' dir='ltr'>vero</span> 
     </span>
     <span class='ocr_line' id='line_1_21' title="bbox 169 1830 1928 1886; baseline -0.005 -11"><span class='ocrx_word' id='word_1_167' title='bbox 169 1837 330 1875; x_wconf 83' lang='lat' dir='ltr'>iuxta</span> <span class='ocrx_word' id='word_1_168' title='bbox 370 1839 677 1886; x_wconf 85' lang='lat' dir='ltr'>ponuntur,</span> <span class='ocrx_word' id='word_1_169' title='bbox 721 1835 814 1876; x_wconf 90' lang='lat' dir='ltr'>fieri</span> <span class='ocrx_word' id='word_1_170' title='bbox 857 1837 1020 1885; x_wconf 88' lang='lat' dir='ltr'>potest,</span> <span class='ocrx_word' id='word_1_171' title='bbox 1053 1837 1101 1874; x_wconf 88' lang='lat' dir='ltr'>ut</span> <span class='ocrx_word' id='word_1_172' title='bbox 1134 1835 1293 1883; x_wconf 88' lang='lat' dir='ltr'>aliquis</span> <span class='ocrx_word' id='word_1_173' title='bbox 1324 1834 1467 1882; x_wconf 89' lang='lat' dir='ltr'>putet,</span> <span class='ocrx_word' id='word_1_174' title='bbox 1501 1833 1698 1870; x_wconf 88' lang='lat' dir='ltr'>diversas</span> <span class='ocrx_word' id='word_1_175' title='bbox 1730 1830 1928 1868; x_wconf 87' lang='lat' dir='ltr'>observa·</span> 
     </span>
     <span class='ocr_line' id='line_1_22' title="bbox 169 1904 1929 1961; baseline -0.006 -11"><span class='ocrx_word' id='word_1_176' title='bbox 169 1912 312 1951; x_wconf 88' lang='lat' dir='ltr'>tiones</span> <span class='ocrx_word' id='word_1_177' title='bbox 337 1912 531 1951; x_wconf 79' lang='lat' dir='ltr'>adfuisse</span> <span class='ocrx_word' id='word_1_178' title='bbox 548 1913 591 1951; x_wconf 90' lang='lat' dir='ltr'>in</span> <span class='ocrx_word' id='word_1_179' title='bbox 610 1912 775 1952; x_wconf 89' lang='lat' dir='ltr'>scholio</span> <span class='ocrx_word' id='word_1_180' title='bbox 794 1913 993 1961; x_wconf 84' lang='lat' dir='ltr'>pristino,</span> <span class='ocrx_word' id='word_1_181' title='bbox 1013 1911 1126 1950; x_wconf 91' lang='lat' dir='ltr'>unde</span> <span class='ocrx_word' id='word_1_182' title='bbox 1148 1911 1256 1949; x_wconf 90' lang='lat' dir='ltr'>haec</span> <span class='ocrx_word' id='word_1_183' title='bbox 1272 1910 1478 1958; x_wconf 82' lang='lat' dir='ltr'>excerpta</span> <span class='ocrx_word' id='word_1_184' title='bbox 1495 1908 1596 1947; x_wconf 88' lang='lat' dir='ltr'>sint.</span> <span class='ocrx_word' id='word_1_185' title='bbox 1616 1906 1747 1953; x_wconf 89' lang='lat' dir='ltr'>Atqui</span> <span class='ocrx_word' id='word_1_186' title='bbox 1764 1904 1929 1942; x_wconf 88' lang='lat' dir='ltr'>nemini</span> 
     </span>
     <span class='ocr_line' id='line_1_23' title="bbox 170 1981 1929 2036; baseline -0.006 -9"><span class='ocrx_word' id='word_1_187' title='bbox 170 1988 421 2027; x_wconf 87' lang='lat' dir='ltr'>huiusmodi</span> <span class='ocrx_word' id='word_1_188' title='bbox 448 1987 615 2027; x_wconf 89' lang='lat' dir='ltr'>scholia</span> <span class='ocrx_word' id='word_1_189' title='bbox 642 1988 896 2036; x_wconf 89' lang='lat' dir='ltr'>inspicienti</span> <span class='ocrx_word' id='word_1_190' title='bbox 924 1989 1036 2026; x_wconf 88' lang='lat' dir='ltr'>hanc</span> <span class='ocrx_word' id='word_1_191' title='bbox 1063 1987 1313 2036; x_wconf 88' lang='lat' dir='ltr'>opinionem</span> <span class='ocrx_word' id='word_1_192' title='bbox 1341 1984 1610 2034; x_wconf 88' lang='lat' dir='ltr'>probabilem</span> <span class='ocrx_word' id='word_1_193' title='bbox 1639 1981 1775 2019; x_wconf 89' lang='lat' dir='ltr'>videri</span> <span class='ocrx_word' id='word_1_194' title='bbox 1802 1989 1929 2028; x_wconf 86' lang='lat' dir='ltr'>posse</span> 
     </span>
     <span class='ocr_line' id='line_1_24' title="bbox 171 2054 1924 2112; baseline -0.007 -9"><span class='ocrx_word' id='word_1_195' title='bbox 171 2063 309 2102; x_wconf 89' lang='lat' dir='ltr'>cred0.</span> <span class='ocrx_word' id='word_1_196' title='bbox 343 2064 582 2103; x_wconf 85' lang='lat' dir='ltr'>Sumamus</span> <span class='ocrx_word' id='word_1_197' title='bbox 613 2064 768 2102; x_wconf 88' lang='lat' dir='ltr'>statim</span> <span class='ocrx_word' id='word_1_198' title='bbox 801 2063 992 2112; x_wconf 85' lang='lat' dir='ltr'>primum</span> <span class='ocrx_word' id='word_1_199' title='bbox 1021 2063 1146 2101; x_wconf 83' lang='lat' dir='ltr'>iuxta</span> <span class='ocrx_word' id='word_1_200' title='bbox 1173 2061 1418 2110; x_wconf 89' lang='lat' dir='ltr'>positorum</span> <span class='ocrx_word' id='word_1_201' title='bbox 1447 2059 1699 2107; x_wconf 86' lang='lat' dir='ltr'>exemplum</span> <span class='ocrx_word' id='word_1_202' title='bbox 1727 2056 1778 2094; x_wconf 89' lang='lat' dir='ltr'>ad</span> <span class='ocrx_word' id='word_1_203' title='bbox 1796 2066 1835 2093; x_wconf 90' lang='lat' dir='ltr'>v.</span> <span class='ocrx_word' id='word_1_204' title='bbox 1860 2054 1924 2101; x_wconf 79' lang='lat'>12,</span> 
     </span>
     <span class='ocr_line' id='line_1_25' title="bbox 106 2130 1927 2187; baseline -0.006 -9"><span class='ocrx_word' id='word_1_205' title='bbox 106 2130 109 2135; x_wconf 51' lang='lat'><strong>¹</strong></span> <span class='ocrx_word' id='word_1_206' title='bbox 171 2139 242 2178; x_wconf 92' lang='lat' dir='ltr'>ubi</span> <span class='ocrx_word' id='word_1_207' title='bbox 274 2139 486 2178; x_wconf 85' lang='lat' dir='ltr'>vocabula</span> <span class='ocrx_word' id='word_1_208' title='bbox 520 2138 674 2178; x_wconf 83' lang='lat' dir='ltr'>‘oratio</span> <span class='ocrx_word' id='word_1_209' title='bbox 708 2150 757 2178; x_wconf 90' lang='lat' dir='ltr'>ac</span> <span class='ocrx_word' id='word_1_210' title='bbox 790 2139 934 2177; x_wconf 90' lang='lat' dir='ltr'>stilus’</span> <span class='ocrx_word' id='word_1_211' title='bbox 964 2140 1148 2187; x_wconf 86' lang='lat' dir='ltr'>quatuor</span> <span class='ocrx_word' id='word_1_212' title='bbox 1177 2137 1318 2176; x_wconf 90' lang='lat' dir='ltr'>modis</span> <span class='ocrx_word' id='word_1_213' title='bbox 1347 2134 1632 2180; x_wconf 88' lang='lat' dir='ltr'>definiuntur;</span> <span class='ocrx_word' id='word_1_214' title='bbox 1661 2132 1756 2180; x_wconf 90' lang='lat' dir='ltr'>quis</span> <span class='ocrx_word' id='word_1_215' title='bbox 1783 2130 1927 2169; x_wconf 87' lang='lat' dir='ltr'>credat</span> 
     </span>
     <span class='ocr_line' id='line_1_26' title="bbox 172 2208 1930 2261; baseline -0.005 -8"><span class='ocrx_word' id='word_1_216' title='bbox 172 2215 254 2254; x_wconf 90' lang='lat' dir='ltr'>has</span> <span class='ocrx_word' id='word_1_217' title='bbox 284 2214 560 2254; x_wconf 85' lang='lat' dir='ltr'>definitiones</span> <span class='ocrx_word' id='word_1_218' title='bbox 592 2216 635 2254; x_wconf 93' lang='lat' dir='ltr'>in</span> <span class='ocrx_word' id='word_1_219' title='bbox 669 2225 755 2254; x_wconf 90' lang='lat' dir='ltr'>uno</span> <span class='ocrx_word' id='word_1_220' title='bbox 789 2215 895 2254; x_wconf 90' lang='lat' dir='ltr'>olim</span> <span class='ocrx_word' id='word_1_221' title='bbox 928 2214 1094 2253; x_wconf 89' lang='lat' dir='ltr'>scholio</span> <span class='ocrx_word' id='word_1_222' title='bbox 1127 2213 1394 2261; x_wconf 89' lang='lat' dir='ltr'>compositas</span> <span class='ocrx_word' id='word_1_223' title='bbox 1425 2211 1561 2249; x_wconf 85' lang='lat' dir='ltr'>fuisse</span> <span class='ocrx_word' id='word_1_224' title='bbox 1593 2220 1617 2247; x_wconf 89' lang='lat' dir='ltr'>a</span> <span class='ocrx_word' id='word_1_225' title='bbox 1643 2208 1823 2255; x_wconf 85' lang='lat' dir='ltr'>Donato,</span> <span class='ocrx_word' id='word_1_226' title='bbox 1852 2216 1930 2244; x_wconf 89' lang='lat' dir='ltr'>nec</span> 
     </span>
     <span class='ocr_line' id='line_1_27' title="bbox 173 2284 1928 2340; baseline -0.006 -10"><span class='ocrx_word' id='word_1_227' title='bbox 173 2301 257 2329; x_wconf 88' lang='lat' dir='ltr'>non</span> <span class='ocrx_word' id='word_1_228' title='bbox 285 2292 402 2329; x_wconf 87' lang='lat' dir='ltr'>ortas</span> <span class='ocrx_word' id='word_1_229' title='bbox 428 2301 525 2330; x_wconf 90' lang='lat' dir='ltr'>esse</span> <span class='ocrx_word' id='word_1_230' title='bbox 551 2301 606 2330; x_wconf 85' lang='lat' dir='ltr'>ex</span> <span class='ocrx_word' id='word_1_231' title='bbox 623 2291 815 2340; x_wconf 90' lang='lat' dir='ltr'>plurium</span> <span class='ocrx_word' id='word_1_232' title='bbox 834 2290 1150 2338; x_wconf 83' lang='lat' dir='ltr'>magistrorum</span> <span class='ocrx_word' id='word_1_233' title='bbox 1171 2288 1405 2337; x_wconf 89' lang='lat' dir='ltr'>sapientia,</span> <span class='ocrx_word' id='word_1_234' title='bbox 1425 2295 1608 2334; x_wconf 88' lang='lat' dir='ltr'>quorum</span> <span class='ocrx_word' id='word_1_235' title='bbox 1627 2293 1739 2322; x_wconf 91' lang='lat' dir='ltr'>unus</span> <span class='ocrx_word' id='word_1_236' title='bbox 1756 2284 1928 2320; x_wconf 89' lang='lat' dir='ltr'>tantum</span> 
     </span>
     <span class='ocr_line' id='line_1_28' title="bbox 173 2357 1929 2412; baseline -0.006 -7"><span class='ocrx_word' id='word_1_237' title='bbox 173 2366 303 2405; x_wconf 81' lang='lat' dir='ltr'>fuerit</span> <span class='ocrx_word' id='word_1_238' title='bbox 338 2365 535 2405; x_wconf 89' lang='lat' dir='ltr'>Donatus</span> <span class='ocrx_word' id='word_1_239' title='bbox 555 2362 598 2411; x_wconf 75' lang='grc'>2).</span> <span class='ocrx_word' id='word_1_240' title='bbox 642 2367 763 2406; x_wconf 88' lang='lat' dir='ltr'>Idem</span> <span class='ocrx_word' id='word_1_241' title='bbox 802 2366 920 2405; x_wconf 89' lang='lat' dir='ltr'>valet</span> <span class='ocrx_word' id='word_1_242' title='bbox 953 2367 1004 2405; x_wconf 89' lang='lat' dir='ltr'>de</span> <span class='ocrx_word' id='word_1_243' title='bbox 1041 2367 1093 2404; x_wconf 83' lang='lat'>13</span> <span class='ocrx_word' id='word_1_244' title='bbox 1130 2366 1150 2403; x_wconf 90' lang='lat' dir='ltr'>l</span> <span class='ocrx_word' id='word_1_245' title='bbox 1186 2366 1229 2403; x_wconf 86' lang='lat' dir='ltr'>et</span> <span class='ocrx_word' id='word_1_246' title='bbox 1262 2365 1306 2412; x_wconf 87' lang='lat'>3,</span> <span class='ocrx_word' id='word_1_247' title='bbox 1345 2364 1395 2401; x_wconf 88' lang='lat'>16</span> <span class='ocrx_word' id='word_1_248' title='bbox 1434 2364 1470 2400; x_wconf 86' lang='lat'>1.</span> <span class='ocrx_word' id='word_1_249' title='bbox 1505 2362 1586 2399; x_wconf 81' lang='lat' dir='ltr'>2a.</span> <span class='ocrx_word' id='word_1_250' title='bbox 1617 2362 1656 2398; x_wconf 87' lang='lat'>3.</span> <span class='ocrx_word' id='word_1_251' title='bbox 1691 2360 1759 2397; x_wconf 81' lang='grc' dir='ltr'>2α</span> <span class='ocrx_word' id='word_1_252' title='bbox 1791 2360 1834 2396; x_wconf 88' lang='lat' dir='ltr'>et</span> <span class='ocrx_word' id='word_1_253' title='bbox 1866 2357 1929 2394; x_wconf 92' lang='lat' dir='ltr'>sic</span> 
     </span>
     <span class='ocr_line' id='line_1_29' title="bbox 173 2432 1931 2490; baseline -0.007 -10"><span class='ocrx_word' id='word_1_254' title='bbox 173 2451 299 2490; x_wconf 91' lang='lat' dir='ltr'>porro</span> <span class='ocrx_word' id='word_1_255' title='bbox 331 2443 381 2480; x_wconf 90' lang='lat' dir='ltr'>de</span> <span class='ocrx_word' id='word_1_256' title='bbox 409 2442 614 2481; x_wconf 89' lang='lat' dir='ltr'>omnibus</span> <span class='ocrx_word' id='word_1_257' title='bbox 642 2443 769 2481; x_wconf 84' lang='lat' dir='ltr'>iuxta</span> <span class='ocrx_word' id='word_1_258' title='bbox 794 2442 965 2490; x_wconf 86' lang='lat' dir='ltr'>positis.</span> <span class='ocrx_word' id='word_1_259' title='bbox 995 2441 1136 2489; x_wconf 84' lang='lat' dir='ltr'>Vulgo</span> <span class='ocrx_word' id='word_1_260' title='bbox 1164 2442 1312 2478; x_wconf 90' lang='lat' dir='ltr'>autem</span> <span class='ocrx_word' id='word_1_261' title='bbox 1338 2439 1407 2476; x_wconf 87' lang='lat' dir='ltr'>hic</span> <span class='ocrx_word' id='word_1_262' title='bbox 1424 2446 1611 2484; x_wconf 87' lang='lat' dir='ltr'>quoque,</span> <span class='ocrx_word' id='word_1_263' title='bbox 1632 2435 1736 2472; x_wconf 89' lang='lat' dir='ltr'>utin</span> <span class='ocrx_word' id='word_1_264' title='bbox 1756 2432 1931 2471; x_wconf 85' lang='lat' dir='ltr'>scholiis</span> 
     </span>
     <span class='ocr_line' id='line_1_30' title="bbox 173 2512 1929 2566; baseline -0.006 -11"><span class='ocrx_word' id='word_1_265' title='bbox 173 2516 411 2566; x_wconf 89' lang='lat' dir='ltr'>similibus,</span> <span class='ocrx_word' id='word_1_266' title='bbox 450 2528 588 2556; x_wconf 88' lang='lat' dir='ltr'>unum</span> <span class='ocrx_word' id='word_1_267' title='bbox 632 2520 700 2557; x_wconf 91' lang='lat' dir='ltr'>est</span> <span class='ocrx_word' id='word_1_268' title='bbox 732 2518 844 2565; x_wconf 86' lang='lat' dir='ltr'>quod</span> <span class='ocrx_word' id='word_1_269' title='bbox 878 2517 1005 2556; x_wconf 88' lang='lat' dir='ltr'>alteri</span> <span class='ocrx_word' id='word_1_270' title='bbox 1039 2516 1246 2554; x_wconf 81' lang='lat' dir='ltr'>alterisve</span> <span class='ocrx_word' id='word_1_271' title='bbox 1279 2515 1474 2563; x_wconf 87' lang='lat' dir='ltr'>praestet</span> <span class='ocrx_word' id='word_1_272' title='bbox 1505 2512 1803 2559; x_wconf 88' lang='lat' dir='ltr'>optimumque</span> <span class='ocrx_word' id='word_1_273' title='bbox 1835 2517 1929 2545; x_wconf 87' lang='lat' dir='ltr'>esse</span> 
     </span>
     <span class='ocr_line' id='line_1_31' title="bbox 174 2585 1926 2642; baseline -0.006 -12"><span class='ocrx_word' id='word_1_274' title='bbox 174 2592 386 2641; x_wconf 84' lang='lat' dir='ltr'>videatur,</span> <span class='ocrx_word' id='word_1_275' title='bbox 428 2593 508 2631; x_wconf 88' lang='lat' dir='ltr'>hoc</span> <span class='ocrx_word' id='word_1_276' title='bbox 553 2596 639 2642; x_wconf 88' lang='lat' dir='ltr'>est,</span> <span class='ocrx_word' id='word_1_277' title='bbox 683 2593 795 2640; x_wconf 91' lang='lat' dir='ltr'>quod</span> <span class='ocrx_word' id='word_1_278' title='bbox 833 2593 1020 2640; x_wconf 89' lang='lat' dir='ltr'>Donato,</span> <span class='ocrx_word' id='word_1_279' title='bbox 1055 2591 1210 2630; x_wconf 86' lang='lat' dir='ltr'>iisdem</span> <span class='ocrx_word' id='word_1_280' title='bbox 1245 2590 1296 2628; x_wconf 86' lang='lat' dir='ltr'>de</span> <span class='ocrx_word' id='word_1_281' title='bbox 1329 2588 1472 2628; x_wconf 88' lang='lat' dir='ltr'>causis</span> <span class='ocrx_word' id='word_1_282' title='bbox 1505 2597 1615 2634; x_wconf 87' lang='lat' dir='ltr'>quas</span> <span class='ocrx_word' id='word_1_283' title='bbox 1647 2585 1773 2623; x_wconf 88' lang='lat' dir='ltr'>antea</span> <span class='ocrx_word' id='word_1_284' title='bbox 1805 2591 1926 2629; x_wconf 84' lang='lat' dir='ltr'>expo·</span> 
     </span>
     <span class='ocr_line' id='line_1_32' title="bbox 178 2656 1927 2717; baseline -0.007 -11"><span class='ocrx_word' id='word_1_285' title='bbox 178 2669 263 2717; x_wconf 90' lang='lat' dir='ltr'>sui,</span> <span class='ocrx_word' id='word_1_286' title='bbox 297 2668 583 2708; x_wconf 85' lang='lat' dir='ltr'>addicendum</span> <span class='ocrx_word' id='word_1_287' title='bbox 607 2669 678 2708; x_wconf 90' lang='lat' dir='ltr'>sit.</span> <span class='ocrx_word' id='word_1_288' title='bbox 708 2668 815 2717; x_wconf 81' lang='lat' dir='ltr'>Quid</span> <span class='ocrx_word' id='word_1_289' title='bbox 841 2668 1081 2706; x_wconf 84' lang='lat' dir='ltr'>identidem</span> <span class='ocrx_word' id='word_1_290' title='bbox 1108 2667 1166 2705; x_wconf 86' lang='lat' dir='ltr'>sit</span> <span class='ocrx_word' id='word_1_291' title='bbox 1194 2666 1427 2714; x_wconf 86' lang='lat' dir='ltr'>optimum,</span> <span class='ocrx_word' id='word_1_292' title='bbox 1458 2673 1512 2701; x_wconf 86' lang='lat' dir='ltr'>ex</span> <span class='ocrx_word' id='word_1_293' title='bbox 1529 2662 1733 2700; x_wconf 84' lang='lat' dir='ltr'>accurata</span> <span class='ocrx_word' id='word_1_294' title='bbox 1750 2656 1927 2696; x_wconf 90' lang='lat' dir='ltr'>scholio-</span> 
     </span>
     <span class='ocr_line' id='line_1_33' title="bbox 177 2730 1929 2792; baseline -0.008 -11"><span class='ocrx_word' id='word_1_295' title='bbox 177 2753 275 2781; x_wconf 90' lang='lat' dir='ltr'>rum</span> <span class='ocrx_word' id='word_1_296' title='bbox 323 2744 647 2792; x_wconf 80' lang='lat' dir='ltr'>comparatione</span> <span class='ocrx_word' id='word_1_297' title='bbox 693 2744 818 2783; x_wconf 86' lang='lat' dir='ltr'>facile</span> <span class='ocrx_word' id='word_1_298' title='bbox 869 2743 1099 2790; x_wconf 87' lang='lat' dir='ltr'>redundat,</span> <span class='ocrx_word' id='word_1_299' title='bbox 1149 2751 1280 2788; x_wconf 84' lang='lat' dir='ltr'>quam</span> <span class='ocrx_word' id='word_1_300' title='bbox 1327 2739 1378 2778; x_wconf 89' lang='lat' dir='ltr'>de</span> <span class='ocrx_word' id='word_1_301' title='bbox 1420 2737 1604 2785; x_wconf 86' lang='lat' dir='ltr'>singulis</span> <span class='ocrx_word' id='word_1_302' title='bbox 1647 2735 1713 2771; x_wconf 89' lang='lat' dir='ltr'>his</span> <span class='ocrx_word' id='word_1_303' title='bbox 1754 2730 1929 2770; x_wconf 86' lang='lat' dir='ltr'>scholiis</span> 
     </span>
    </p>
   </div>
   <div class='ocr_carea' id='block_1_6' title="bbox 184 2836 380 2839">
    <p class='ocr_par' dir='ltr' id='par_1_7' title="bbox 184 2836 380 2839">
     <span class='ocr_line' id='line_1_34' title="bbox 184 2836 380 2839; baseline 0 0"><span class='ocrx_word' id='word_1_304' title='bbox 184 2836 380 2839; x_wconf 95' lang='lat' dir='ltr'> </span> 
     </span>
    </p>
   </div>
   <div class='ocr_carea' id='block_1_7' title="bbox 157 2865 1930 3133">
    <p class='ocr_par' dir='ltr' id='par_1_8' title="bbox 157 2865 1930 3078">
     <span class='ocr_line' id='line_1_35' title="bbox 269 2865 1928 2924; baseline -0.01 -10"><span class='ocrx_word' id='word_1_305' title='bbox 269 2879 292 2922; x_wconf 88' lang='lat'>1)</span> <span class='ocrx_word' id='word_1_306' title='bbox 318 2879 410 2914; x_wconf 88' lang='lat' dir='ltr'>Cum</span> <span class='ocrx_word' id='word_1_307' title='bbox 435 2879 482 2914; x_wconf 85' lang='lat' dir='ltr'>iis</span> <span class='ocrx_word' id='word_1_308' title='bbox 506 2878 570 2923; x_wconf 89' lang='lat' dir='ltr'>qui</span> <span class='ocrx_word' id='word_1_309' title='bbox 595 2879 650 2914; x_wconf 74' lang='lat' dir='ltr'>sic</span> <span class='ocrx_word' id='word_1_310' title='bbox 673 2879 890 2924; x_wconf 74' lang='lat' dir='ltr'>opinantur,</span> <span class='ocrx_word' id='word_1_311' title='bbox 916 2878 1007 2913; x_wconf 82' lang='lat' dir='ltr'>mihi</span> <span class='ocrx_word' id='word_1_312' title='bbox 1032 2877 1071 2912; x_wconf 91' lang='lat' dir='ltr'>in</span> <span class='ocrx_word' id='word_1_313' title='bbox 1090 2875 1326 2911; x_wconf 84' lang='lat' dir='ltr'>concordiam</span> <span class='ocrx_word' id='word_1_314' title='bbox 1347 2885 1405 2908; x_wconf 86' lang='lat' dir='ltr'>res</span> <span class='ocrx_word' id='word_1_315' title='bbox 1426 2871 1544 2914; x_wconf 84' lang='lat' dir='ltr'>redigi</span> <span class='ocrx_word' id='word_1_316' title='bbox 1566 2866 1800 2912; x_wconf 78' lang='lat' dir='ltr'>nonpoterit,</span> <span class='ocrx_word' id='word_1_317' title='bbox 1815 2865 1928 2899; x_wconf 69' lang='lat' dir='ltr'>veluti</span> 
     </span>
     <span class='ocr_line' id='line_1_36' title="bbox 180 2920 1929 2971; baseline -0.011 -3"><span class='ocrx_word' id='word_1_318' title='bbox 180 2944 260 2966; x_wconf 88' lang='lat' dir='ltr'>cum</span> <span class='ocrx_word' id='word_1_319' title='bbox 291 2931 445 2971; x_wconf 83' lang='lat' dir='ltr'>Fabia,</span> <span class='ocrx_word' id='word_1_320' title='bbox 470 2932 535 2967; x_wconf 87' lang='lat' dir='ltr'>ubi</span> <span class='ocrx_word' id='word_1_321' title='bbox 559 2932 613 2967; x_wconf 83' lang='lat' dir='ltr'>sic</span> <span class='ocrx_word' id='word_1_322' title='bbox 638 2932 782 2967; x_wconf 80' lang='lat' dir='ltr'>iudicat</span> <span class='ocrx_word' id='word_1_323' title='bbox 805 2932 850 2967; x_wconf 87' lang='lat' dir='ltr'>de</span> <span class='ocrx_word' id='word_1_324' title='bbox 875 2931 1025 2965; x_wconf 81' lang='lat' dir='ltr'>Donato</span> <span class='ocrx_word' id='word_1_325' title='bbox 1051 2929 1098 2964; x_wconf 82' lang='lat' dir='ltr'>ad</span> <span class='ocrx_word' id='word_1_326' title='bbox 1125 2927 1295 2963; x_wconf 86' lang='lat' dir='ltr'>Eunuchi</span> <span class='ocrx_word' id='word_1_327' title='bbox 1321 2939 1353 2961; x_wconf 91' lang='lat' dir='ltr'>v.</span> <span class='ocrx_word' id='word_1_328' title='bbox 1377 2925 1415 2959; x_wconf 91' lang='grc'>7.</span> <span class='ocrx_word' id='word_1_329' title='bbox 1441 2926 1560 2968; x_wconf 76' lang='lat' dir='ltr'>‘apres</span> <span class='ocrx_word' id='word_1_330' title='bbox 1583 2921 1687 2956; x_wconf 79' lang='lat' dir='ltr'>avoir</span> <span class='ocrx_word' id='word_1_331' title='bbox 1709 2920 1831 2953; x_wconf 81' lang='lat' dir='ltr'>donne</span> <span class='ocrx_word' id='word_1_332' title='bbox 1858 2929 1929 2951; x_wconf 87' lang='lat' dir='ltr'>une</span> 
     </span>
     <span class='ocr_line' id='line_1_37' title="bbox 157 2969 1930 3042; baseline -0.008 -26"><span class='ocrx_word' id='word_1_333' title='bbox 157 2983 304 3018; x_wconf 88' lang='lat' dir='ltr'>.bonne</span> <span class='ocrx_word' id='word_1_334' title='bbox 333 2984 559 3042; x_wconf 70' lang='lat' dir='ltr'>explication</span> <span class='ocrx_word' id='word_1_335' title='bbox 590 2984 636 3019; x_wconf 88' lang='lat' dir='ltr'>de</span> <span class='ocrx_word' id='word_1_336' title='bbox 668 2979 917 3019; x_wconf 79' lang='lat' dir='ltr'>vertendo:</span> <span class='ocrx_word' id='word_1_337' title='bbox 949 2983 988 3018; x_wconf 90' lang='lat' dir='ltr'>in</span> <span class='ocrx_word' id='word_1_338' title='bbox 1013 2983 1180 3026; x_wconf 75' lang='lat' dir='ltr'>linguam</span> <span class='ocrx_word' id='word_1_339' title='bbox 1206 2980 1361 3014; x_wconf 78' lang='lat' dir='ltr'>latinam</span> <span class='ocrx_word' id='word_1_340' title='bbox 1387 2975 1658 3012; x_wconf 72' lang='lat' dir='ltr'>nansferendo,</span> <span class='ocrx_word' id='word_1_341' title='bbox 1684 2972 1706 3007; x_wconf 91' lang='lat' dir='ltr'>il</span> <span class='ocrx_word' id='word_1_342' title='bbox 1734 2983 1778 3004; x_wconf 81' lang='lat' dir='ltr'>en</span> <span class='ocrx_word' id='word_1_343' title='bbox 1805 2969 1930 3013; x_wconf 74' lang='lat' dir='ltr'>ajoute</span> 
     </span>
     <span class='ocr_line' id='line_1_38' title="bbox 182 3033 1162 3078; baseline -0.004 -7"><span class='ocrx_word' id='word_1_344' title='bbox 182 3048 253 3071; x_wconf 87' lang='lat' dir='ltr'>une</span> <span class='ocrx_word' id='word_1_345' title='bbox 277 3036 486 3071; x_wconf 79' lang='lat' dir='ltr'>mauvaise.</span> <span class='ocrx_word' id='word_1_346' title='bbox 511 3038 577 3070; x_wconf 78' lang='lat' dir='ltr'>aut</span> <span class='ocrx_word' id='word_1_347' title='bbox 600 3036 842 3076; x_wconf 79' lang='lat' dir='ltr'>vertendo,</span> <span class='ocrx_word' id='word_1_348' title='bbox 866 3033 1162 3078; x_wconf 87' lang='lat' dir='ltr'>corrumpendo’.</span> 
     </span>
    </p>

    <p class='ocr_par' dir='ltr' id='par_1_9' title="bbox 269 3085 1220 3133">
     <span class='ocr_line' id='line_1_39' title="bbox 269 3085 1220 3133; baseline -0.006 -9"><span class='ocrx_word' id='word_1_349' title='bbox 269 3089 295 3133; x_wconf 82' lang='lat'>²)</span> <span class='ocrx_word' id='word_1_350' title='bbox 319 3088 415 3124; x_wconf 88' lang='lat' dir='ltr'>Vide</span> <span class='ocrx_word' id='word_1_351' title='bbox 440 3088 553 3123; x_wconf 74' lang='lat' dir='ltr'>eiiam</span> <span class='ocrx_word' id='word_1_352' title='bbox 578 3088 723 3124; x_wconf 83' lang='lat' dir='ltr'>scholia</span> <span class='ocrx_word' id='word_1_353' title='bbox 748 3088 887 3124; x_wconf 85' lang='lat' dir='ltr'>similia</span> <span class='ocrx_word' id='word_1_354' title='bbox 911 3087 957 3122; x_wconf 86' lang='lat' dir='ltr'>ad</span> <span class='ocrx_word' id='word_1_355' title='bbox 983 3085 1220 3121; x_wconf 89' lang='lat' dir='ltr'>Eunuchum.</span> 
     </span>
    </p>
   </div>
  </div>
 </body>
</html>
