2242 3443
1023 196 1105 234 281

145 320 246 356 1076
330 319 396 354 vix
424 328 583 357 verum:
616 318 846 362 exemplum
877 317 992 362 Verg.
1021 320 1233 362 sumptum
1269 328 1320 353 ex
1355 318 1467 355 1060.
1499 319 1543 363 2;
1574 319 1621 355 cf.
1651 319 1786 355 Fabia.

145 381 249 418 1079
328 381 440 416 iunxi
480 380 501 415 7
530 382 570 416 et
597 380 633 423 8,
664 388 764 423 quae
792 389 882 414 cum
913 379 949 422 2,
980 379 1014 421 6,
1048 379 1092 414 11
1125 382 1164 414 et
1196 379 1242 415 13
1269 389 1395 415 unum
1421 379 1702 424 corpusculum
1727 380 1901 416 efficiunt

276 442 518 478 scholiorum
557 441 711 477 Donati.
752 441 796 475 In
838 440 999 484 reliquis
1044 440 1152 476 varie
1189 441 1374 476 luserunt
1403 442 1449 476 de
1480 441 1642 477 vocibus
1674 438 1835 477 ‘fatuus'
1867 444 1904 477 et

275 504 440 539 ‘tardus’
472 503 605 547 plures
636 502 832 546 magistri.
866 501 1008 537 Donati
1038 501 1247 537 aemulum
1277 501 1389 537 illum
1420 503 1680 546 praecipuum
1709 503 1903 538 habemus

278 565 318 600 in
361 565 383 601 9
424 566 564 600 contra
606 564 628 599 6
666 566 706 600 et
745 564 765 598 7
806 563 865 607 D.‚
906 563 944 598 in
987 562 1033 598 12
1072 564 1212 598 contra
1251 563 1295 598 11
1326 565 1366 599 et
1394 564 1433 598 in
1468 564 1515 600 10
1544 574 1613 608 per
1642 565 1775 600 ‘nam‘.
1807 565 1903 600 Cum

279 626 470 670 spurcitie
509 626 548 661 in
591 626 613 661 9
652 625 697 661 cf.
738 625 761 661 2
795 628 834 661 et
872 635 973 669 quae
1012 626 1201 661 adnotavi
1238 627 1284 660 ad
1314 636 1349 663 v,
1380 626 1455 661 585
1486 628 1525 661 et
1554 628 1678 662 Andr.
1708 626 1769 662 90.
1801 627 1906 662 Cete-

278 697 368 723 rum
396 687 484 723 vide
512 697 613 731 quae
643 687 845 731 disputavi
872 687 896 722 l.
929 697 960 722 s.
991 686 1013 721 l.
1044 697 1080 730 p.
1111 686 1295 722 97--100
1331 687 1422 728 (Mn.
1454 687 1515 723 35.
1552 687 1627 723 245
1657 692 1768 731 sqq.).

149 750 247 786 1081
333 748 356 783 4
386 749 500 784 iuxta
530 748 572 783 D.
604 748 639 784 3.

149 811 249 849 1083
329 811 441 845 iunxi
488 810 505 845 1
551 814 590 845 et
633 810 667 853 3,
710 810 880 854 expulso
922 810 944 846 2
982 812 1086 854 quod
1124 810 1224 846 falsa
1258 811 1457 855 continet,
1488 821 1582 848 nam
1612 811 1807 848 Phaedria
1837 821 1907 848 nec

277 872 599 907 deliberationem
630 882 701 907 nec
728 873 1030 907 concessionem
1061 873 1241 915 negavit,
1271 882 1362 908 cum
1394 873 1489 908 nihil
1519 873 1663 909 dixerit
1694 874 1769 909 nisi
1794 873 1900 909 <hem

277 933 561 977 recipiendum'
593 944 629 971 v.
662 933 785 977 10733
816 934 838 968 l.
870 943 902 968 s.
932 934 956 969 l.
988 944 1025 978 p.
1059 933 1132 969 100
1167 943 1226 977 sq.

147 996 248 1032 1085
329 995 442 1030 iunxi
472 995 494 1030 2
524 996 563 1030 et
592 995 615 1029 4
644 995 805 1038 dempta
833 995 1142 1038 interpolatione
1171 995 1388 1031 manifesta
1417 997 1455 1030 in
1490 995 1524 1031 3.

149 1057 248 1092 1088
331 1056 353 1091 3
382 1056 558 1092 otiosum
589 1059 678 1100 post
707 1056 730 1091 2
759 1060 798 1092 et
828 1056 873 1092 cf.
903 1056 991 1100 406,
1022 1056 1109 1100 440,
1142 1056 1228 1092 600.
1329 1057 1431 1094 1090
1464 1057 1481 1091 1
1501 1068 1524 1092 α
1555 1059 1710 1094 notavit
1743 1057 1902 1094 Wessn.

149 1117 250 1154 1092
331 1118 445 1152 iunxi
477 1117 494 1152 1
526 1119 565 1153 et
595 1118 616 1153 3
647 1120 836 1162 exempta
864 1119 1172 1162 interpolatione
1202 1119 1240 1153 in
1272 1119 1315 1163 2;
1346 1119 1391 1154 cf.
1423 1118 1511 1154 390.

149 1178 252 1215 1093
334 1179 356 1213 2
384 1178 429 1214 cf.
460 1179 578 1222 Eugr.
663 1179 764 1215 1094
795 1179 817 1214 2
846 1181 960 1215 iuxta
989 1180 1056 1223 D.;
1088 1180 1133 1216 cf.
1164 1180 1294 1216 Fabia.

455 1705 651 1752 Praeter
685 1705 862 1752 leviora
893 1707 1061 1753 menda
1098 1707 1402 1768 corrz'qantur
1437 1707 1576 1754 haec:

571 1821 697 1857 Praef.
726 1831 769 1856 IX
799 1831 833 1856 V.
868 1821 911 1856 11
943 1822 1112 1857 eandem
1194 1831 1265 1866 pro
1293 1823 1450 1858 endem.

570 1884 660 1927 Pag.
748 1883 805 1919 15.
865 1883 914 1919 85
944 1883 1113 1920 deleatur
1142 1885 1188 1926 (2)

617 1973 632 1991 ,‚
745 1945 807 1980 97.
838 1945 913 1981 828
942 1947 1013 1981 abs
1042 1946 1080 1981 te
1227 1974 1241 1991 ‚‚
1293 1947 1340 1981 ab
1369 1948 1420 1982 te.

616 2035 630 2052 ,‚
692 2012 696 2016 “
720 2007 805 2044 126.
839 2007 912 2044 139
937 2017 1038 2051 quae
1063 2009 1162 2042 dura
1222 2036 1238 2053 „
1293 2018 1369 2051 que
1398 2009 1508 2044 dura.

721 2069 806 2106 166.
837 2070 912 2106 463
942 2071 1178 2106 abfuturum
1217 2098 1231 2115 „
1288 2071 1531 2107 abfuturam.

720 2131 803 2167 187.
836 2132 910 2168 648
941 2132 1186 2168 ZUNGmBUs
1216 2160 1232 2178 „
1289 2142 1358 2176 pro
1383 2131 1405 2168 3
1436 2142 1531 2168 UNG.

718 2193 805 2230 206.
834 2194 908 2230 797
937 2194 1107 2230 libenter
1220 2223 1236 2240 „
1291 2195 1478 2230 libentur.
