2242 3443
130 871 205 907 471

133 1098 209 1134 473

131 1939 210 1977 474

132 2236 211 2272 475

134 2539 211 2576 476

989 232 1043 269 63

280 356 468 405 rettulit,
513 365 597 404 quo
641 355 775 393 etiam
818 365 975 403 pecora
1016 355 1305 404 impelluntur
1345 357 1397 394 ad
1432 366 1626 395 sensum.
1661 358 1685 395 4
1719 357 1894 396 Duabus

278 441 380 480 ergo
406 432 534 470 rebus
560 431 748 470 scimus:
773 433 849 469 aut
876 431 1212 471 ratiocinatione
1241 433 1317 470 aut
1344 442 1495 481 sensu,
1524 432 1680 480 quibus
1703 434 1895 472 maxime

277 509 558 555 praestamus
591 506 750 545 ceteris
783 505 1064 544 animalibus.

451 581 472 615 2
502 578 524 602 *
553 589 622 614 VIx
652 589 816 615 TANDEM
847 588 959 614 ansr
989 589 1181 615 srothJs
1210 580 1386 624 quinque
1410 582 1509 616 sunt
1533 589 1697 625 sensuS,
1724 592 1893 625 quorum

396 635 514 679 duos,
554 635 688 669 visum
727 634 766 669 et
804 633 1005 679 auditum,
1045 634 1174 677 magis
1205 644 1280 669 nos
1311 635 1522 670 sensibiles
1552 634 1745 670 habemus
1775 646 1894 680 quam

395 697 558 732 pecora;
588 688 694 723 unde
723 687 854 722 Cicero
884 688 979 722 ‘non
1010 687 1141 723 solum
1170 687 1346 732 videam,
1377 689 1447 723 sed
1477 689 1598 724 etiam
1629 689 1788 725 audiam
1819 690 1897 733 pla-

397 751 525 785 neque
563 741 763 777 sentiamss
800 741 899 783 (Cat.
929 743 959 776 l.
986 740 1037 782 8).
1069 742 1091 776 5
1121 740 1140 757 ἥ
1171 742 1274 785 Ergo
1301 751 1428 778 senex
1457 752 1501 777 se
1530 753 1610 778 non
1642 752 1782 788 sensu,
1815 754 1894 779 non

395 796 551 832 ratione
587 795 769 831 sensisse
806 795 878 835 ait,
908 795 977 830 sed
1007 795 1133 830 veluti
1162 795 1380 831 calcaribus
1415 797 1455 831 et
1483 796 1658 832 stimulis
1688 798 1895 841 punctum.

335 868 354 905 1
398 877 515 906 HAEC
556 876 729 905 PRIMUM
770 875 1004 905 ADFERTUR
1045 876 1127 904 IAM
1164 876 1265 904 MIHI
1298 867 1408 905 satis
1440 877 1487 906 se
1520 877 1724 916 sagacem
1757 879 1893 907 senex

279 943 490 991 ostendit,
524 943 697 991 quando
730 942 827 991 ipsa
858 941 1070 990 principia
1105 941 1465 990 inceptionesque
1498 944 1841 992 comprehendit.
1875 946 1899 982 2

279 1029 395 1057 HAEC
412 1028 584 1057 PRIMUM
602 1018 711 1058 bene
726 1016 946 1067 ‘primum’
959 1017 1085 1065 quasi
1104 1027 1158 1055 ex
1177 1018 1349 1066 multis,
1370 1028 1477 1066 quas
1495 1021 1724 1066 paraverat
1737 1019 1896 1059 Davus.

333 1096 353 1133 l
388 1105 492 1134 IUNo
525 1106 688 1135 LucrNA
721 1095 856 1135 ‘Iuno’
889 1096 942 1135 ab
976 1097 1169 1135 iuvando
1203 1097 1340 1145 dicta,
1375 1098 1398 1135 2
1433 1102 1486 1144 (α)
1520 1097 1709 1138 ‘Lucina'
1743 1100 1794 1139 ab
1828 1110 1895 1148 eo,

283 1172 396 1219 quod
429 1172 473 1210 in
506 1172 649 1211 lucem
682 1173 906 1221 producat.
941 1173 965 1211 3
1005 1172 1058 1210 Et
1091 1172 1269 1221 gemina
1301 1174 1405 1212 vota
1436 1176 1559 1222 sunt,
1594 1177 1642 1213 ut
1674 1177 1716 1214 et
1747 1177 1900 1223 partus

281 1249 325 1285 et
350 1248 526 1296 pariens
553 1251 769 1287 servetur.
799 1250 851 1289 (α)
880 1251 905 1287 4
933 1259 1039 1287 IUNo
1066 1259 1104 1287 L.
1124 1259 1241 1287 onr‘r.
1261 1250 1366 1287 nota
1387 1250 1466 1288 hoc
1483 1260 1613 1289 versu
1630 1250 1898 1298 totidemque

283 1323 425 1362 verbis
458 1325 521 1362 uti
552 1335 706 1364 omnes
738 1334 976 1374 puerperas
1008 1325 1052 1363 in
1086 1325 1322 1364 comoediis
1353 1335 1433 1364 nec
1465 1325 1573 1365 alias
1606 1327 1751 1365 induci
1783 1326 1898 1374 loqui

283 1399 327 1437 in
368 1400 645 1448 proscaenio:
689 1410 791 1439 nam
836 1401 943 1439 haec
984 1411 1073 1439 vox
1105 1402 1203 1449 post
1243 1411 1450 1440 scaenam
1483 1402 1664 1440 tollitur.
1698 1404 1722 1441 6
1759 1412 1897 1440 SERVA

282 1485 342 1513 ΜΕ
369 1485 553 1515 οΒΞΕοΕο
581 1476 883 1515 obstetriciam
910 1478 1021 1515 hanc
1048 1478 1316 1525 potestatem
1343 1477 1499 1516 Iunoni
1516 1477 1733 1526 attribuit,
1751 1487 1899 1525 quam-

283 1561 413 1599 quam
447 1552 569 1590 illam
602 1552 836 1591 Menander
867 1552 1050 1591 Dianam
1085 1552 1274 1601 appellet
1305 1554 1347 1591 et
1376 1553 1457 1591 hoc
1489 1553 1652 1591 sentiat
1688 1553 1732 1591 in
1764 1554 1895 1593 Buco-

284 1627 380 1666 licis
412 1627 632 1676 Vergilius
663 1628 763 1675 (Ecl.
798 1629 839 1677 4,
876 1629 957 1668 10).

450 1702 471 1736 2
510 1711 534 1735 α
565 1712 663 1739 roNo
692 1712 840 1738 LUCINA
868 1702 1037 1738 Iunonis
1066 1701 1163 1745 filia,
1193 1711 1333 1746 graece
1364 1703 1538 1737 Εἰλείθυια
1548 1713 1557 1747 ;
1587 1702 1718 1739 Latini
1746 1703 1896 1739 nixos

398 1755 549 1791 dicunt.
584 1757 606 1792 3
635 1767 660 1792 α
687 1766 782 1792 narn
812 1756 882 1792 ‘fer
911 1756 1040 1801 opem’
1069 1757 1230 1800 propter
1259 1757 1443 1801 partum,
1471 1757 1602 1793 ‘serva
1631 1757 1706 1793 me'
1736 1759 1898 1802 propter

400 1809 623 1853 parientem
673 1810 828 1846 dicitur.
868 1811 890 1845 5
928 1820 1004 1845 FER
1055 1820 1159 1845 OPEM
1188 1811 1354 1855 propter
1385 1811 1489 1854 quod
1517 1811 1667 1846 Lucina
1695 1814 1778 1856 est;
1808 1813 1897 1847 inde

397 1864 665 1900 obstetrix
694 1865 799 1909 quod
828 1873 972 1909 opem
1000 1863 1208 1900 tulerit.

336 1935 355 1972 1
400 1945 481 1974 HUI
519 1946 610 1974 TAM
648 1938 743 1975 ciro
775 1934 883 1974 ‘tam
917 1935 1017 1974 cito’
1052 1937 1101 1974 ut
1132 1935 1386 1974 felicitatem
1419 1936 1572 1983 partus
1605 1935 1808 1974 ostendat
1840 1936 1899 1974 in-

278 2010 541 2050 credibilem.
585 2012 610 2050 3
653 2012 706 2050 Et
738 2012 905 2060 inspice
940 2009 1218 2059 ‘ridiculum’,
1253 2010 1510 2049 adverbium
1542 2011 1601 2049 sit
1633 2021 1686 2049 an
1718 2021 1895 2060 nomen,

277 2088 324 2125 ut
357 2086 438 2125 sit:
469 2087 565 2126 vide
599 2088 824 2126 hominem
856 2086 1102 2134 ridiculum,
1136 2086 1212 2124 sed
1244 2085 1500 2124 adverbium
1534 2087 1673 2135 magis
1707 2088 1785 2125 est.

449 2162 469 2196 2
500 2171 583 2196 TAM
614 2170 699 2197 erro
729 2161 777 2196 ad
807 2159 1184 2205 reprehensionem;
1214 2169 1438 2195 armenum
1466 2160 1513 2195 ad
1537 2159 1775 2196 irrisionem.

341 2234 361 2271 1
396 2242 483 2271 NoN
510 2243 590 2271 SAT
620 2243 822 2272 COMMODE
851 2242 1000 2270 DrvrsA
1027 2242 1137 2270 sUNr
1164 2241 1436 2270 TEMPORIBUS
1460 2231 1642 2270 confusa
1668 2232 1744 2270 tibi
1772 2233 1893 2277 sunt,

280 2309 441 2358 inquit,
486 2310 651 2358 omnia,
695 2319 774 2348 nec
815 2308 1143 2356 unumquidque
1181 2317 1260 2346 suo
1293 2309 1488 2356 tempore
1520 2307 1701 2356 geritur,
1736 2317 1820 2354 qua
1851 2316 1896 2344 re

282 2385 492 2433 proderis.
536 2385 560 2422 2
603 2394 691 2423 NoN
733 2395 814 2423 SAT
853 2395 941 2423 non
974 2384 1097 2422 satis.
1131 2384 1155 2421 3
1188 2394 1338 2422 DrvrsA
1369 2393 1480 2422 SUNT
1513 2383 1682 2431 digesta
1714 2383 1755 2420 et
1786 2392 1895 2420 com·

279 2461 424 2509 posita
455 2462 499 2498 et
531 2460 780 2499 distributa.
815 2462 841 2499 4
874 2470 1146 2499 TEMPORIBUS
1178 2460 1221 2498 id
1253 2461 1322 2498 est
1353 2469 1428 2508 per
1459 2461 1667 2507 tempora.

338 2538 357 2574 1
386 2546 519 2575 MIHIN
552 2535 695 2575 adhuc
726 2535 874 2575 Davus
901 2546 987 2575 non
1013 2535 1208 2584 percipit.
1237 2537 1262 2574 3
1290 2545 1385 2573 NUM
1402 2544 1655 2573 IMMEMORES
1682 2543 1895 2571 DISCIPULI

283 2611 510 2661 ‘discipuli’
539 2612 693 2661 Mysis,
728 2612 884 2650 Lesbia
916 2614 960 2650 et
991 2611 1271 2660 Pamphilus:
1305 2621 1478 2660 omnes,
1510 2620 1581 2658 per
1616 2619 1723 2657 quos
1753 2607 1896 2656 agitur

280 2688 468 2727 fallacia.
511 2689 564 2729 (α)
602 2687 689 2727 Alii
730 2688 801 2726 hic
842 2687 1123 2736 Pamphilum
1155 2685 1393 2735 significari
1424 2687 1580 2734 putant
1613 2682 1891 2731 discipulum,

280 2764 381 2811 quia
406 2763 553 2802 Davus
581 2764 792 2812 magister
819 2764 887 2805 (cf.
921 2764 1031 2813 192),
1062 2774 1167 2802 nam
1195 2772 1354 2801 nomen
1383 2764 1450 2801 est
1476 2762 1528 2799 ad
1546 2760 1706 2807 aliquid
1734 2758 1892 2796 disci-

283 2838 448 2887 pulus
481 2840 529 2877 ut
560 2839 853 2887 magister.

455 2912 476 2947 2
515 2913 565 2948 Et
598 2913 715 2957 bene,
745 2912 860 2955 quasi
889 2913 1012 2948 dicat:
1042 2921 1133 2948 eum
1162 2911 1226 2947 ille
1255 2911 1458 2954 loquatur,
1488 2909 1576 2944 illae
1605 2908 1735 2951 agant.
1767 2906 1789 2940 3
1818 2916 1841 2941 α

399 2966 509 3001 Bene
546 2975 641 3009 ergo
675 2966 894 3011 discipulos
931 2967 1139 3010 imperitos
1177 2965 1352 3000 ostendit
1384 2965 1425 2999 et
1452 2963 1690 3007 magistrum
1719 2961 1891 3003 Davum,

399 3020 491 3063 quia
528 3029 651 3063 supra
685 3019 785 3055 dixit
815 3023 866 3062 (v.
901 3020 989 3062 192)
1020 3020 1120 3054 ‘turn
1151 3019 1185 3053 si
1213 3018 1301 3061 quis
1330 3017 1571 3061 magistrum
1600 3014 1701 3058 cepit
1730 3014 1776 3048 ad
1804 3022 1891 3048 eam

400 3083 484 3108 rem
522 3073 775 3117 improbum’.
815 3076 837 3108 4
875 3073 924 3108 Et
960 3082 1068 3108 nunc
1105 3071 1313 3115 ‘discipuli’
1345 3070 1557 3113 genetivus
1587 3067 1803 3111 singularis
1831 3068 1895 3101 est

1874 2905 1892 2921 -x-
