2242 3443
245 212 319 242 xvl
997 210 1253 239 PRAEFATIO.

246 327 434 375 placeret
466 321 582 372 οὗτος
615 325 793 371 τοιοῦτός
822 324 938 373 ἐστιν,
966 325 1109 373 magis
1137 325 1270 363 etiam
1299 318 1413 369 οὗτος
1441 322 1864 370 <φυοει>τοιοῠτός
1891 321 2008 372 ἐστιν,

244 405 318 441 aut
349 401 610 450 Simpliciter
640 402 881 449 <φύιῑει>
915 399 1092 446 τοιοῦτός
1125 398 1242 438 ἐστιν.

364 478 427 516 Ad
471 478 577 516 Eun.
621 478 660 518 9.
712 481 724 516 1
773 481 896 525 rogat
927 476 1031 525 quid
1063 476 1122 514 sit
1155 475 1196 513 τὸ
1231 474 1386 514 αὐτόν’.)
1419 474 1617 522 Requirit
1651 474 1911 514 vocabulum
1945 475 2005 514 in—

244 555 393 592 ‹licans
426 555 824 603 pronuntiationem
859 553 1094 601 despectus
1126 552 1317 601 plenam.
1351 550 1553 590 Ceterum
1585 550 1759 589 dubitat
1784 551 2008 590 dederitne

239 631 470 670 Terentius
503 631 545 668 in
579 630 757 678 prologo
790 630 977 668 fortasse
1012 629 1113 667 hoc:

359 707 479 745 Idem
513 705 736 756 Menandri
775 706 917 753 Φάσμα
952 715 1087 753 nuper
1117 703 1439 752 <per>didit.

361 783 460 822 607.
506 783 530 821 3
574 782 762 821 traditur
802 780 1082 829 παροιμιώὸησ
1121 779 1203 828 ἀμά
1241 778 1330 826 περὶ
1366 786 1435 817 τοῦ
1469 779 1648 828 moabia,
1677 779 1789 818 unde
1820 779 2007 818 editores

243 859 503 898 effecerunt:
547 858 644 896 ἀλλὰ
688 857 774 905 περὶ
807 863 876 895 τοῦ
909 857 1128 907 χοιριὸίου;
1162 857 1236 896 sed
1271 860 1396 904 rogat
1429 866 1513 894 vau
1547 856 1764 896 Leeuwen
1796 855 1898 904 quid
1930 855 2011 894 hoc

241 935 324 974 sibi
368 934 486 982 velit,
529 934 672 973 locum
707 934 824 972 enim
858 934 1002 982 ipsum
1038 934 1112 971 vix
1144 933 1425 982 suppeditare
1459 932 1753 984 proverbium,
1787 931 1915 980 quale
1946 933 2014 970 est

245 1010 644 1059 Francogallicum:
688 1011 817 1048 ‘mais
855 1019 1072 1048 revenons
1114 1019 1138 1047 a
1181 1019 1260 1048 nos
1304 1010 1549 1055 moutons’;
1583 1009 1834 1057 exspectari
1865 1007 2013 1057 potius

246 1090 371 1136 putat
411 1087 525 1136 quod
569 1086 810 1135 significet:
848 1085 936 1124 ‘sed
970 1086 1020 1124 de
1053 1095 1161 1124 cena
1193 1087 1349 1124 nostra
1381 1084 1481 1132 quid
1514 1083 1657 1123 fiet?’:
1692 1082 1790 1122 ἀλλὰ
1821 1082 1909 1133 περὶ
1939 1088 2011 1121 τοῦ

245 1163 389 1214 ἐράνου
434 1163 502 1202 vel
544 1168 612 1201 τοῦ
656 1162 820 1200 δείπνου
865 1162 933 1200 vel
977 1167 1054 1199 τῶν
1098 1162 1322 1210 ξυμβολῶν,
1363 1161 1509 1209 qualia
1552 1163 1700 1199 tamen
1744 1159 2011 1209 παροιμιῶδες

245 1240 405 1279 habent
438 1239 560 1278 nihil.

363 1316 415 1355 ad
448 1316 548 1355 689.
587 1318 607 1354 1
643 1325 728 1354 non
762 1315 900 1354 credit
931 1314 1216 1353 Menandrum
1251 1314 1441 1352 dixisse:
1476 1307 1592 1359 οὗτός
1625 1312 1709 1353 (vel
1742 1311 1879 1358 αὐτός)
1910 1310 2015 1350 ἐστιν

249 1392 442 1442 γαλεώτης
483 1390 623 1443 γέρων,
652 1391 728 1431 sed
761 1390 876 1430 aliud
910 1391 1010 1449 quid
1043 1389 1203 1429 Veluti:
1236 1389 1432 1441 γαλεώτης
1467 1388 1584 1439 ἐστίν,
1615 1388 1663 1428 οὐ
1694 1387 1834 1440 γέρων.
1866 1389 2014 1428 Adiec-

250 1469 338 1508 tive
370 1468 567 1520 γαλεώτης
599 1467 675 1506 vix
709 1469 970 1516 usurpatum
1005 1470 1087 1506 est.

372 1545 498 1584 1072.
543 1545 566 1583 2
612 1542 670 1582 ‘et
702 1543 933 1582 Homerus’
955 1573 963 1582 .
984 1573 1021 1582 ..
1055 1542 1304 1591 Respicitur
1336 1542 1486 1581 Iliadis
1517 1541 1620 1580 XVI
1653 1552 1692 1581 v.
1727 1542 1812 1582 825
1845 1541 2014 1589 πίδακος

249 1618 342 1671 ἀμφ’
380 1619 523 1672 ὄλιγῆς,

368 1697 674 1737 certissimam
718 1694 1073 1734 emendationem
1118 1695 1251 1734 debeo
1293 1695 1486 1743 collegae
1530 1694 1811 1743 Groningano
1843 1695 1876 1734 I.
1911 1705 2014 1734 van

255 1772 652 1822 Wageningen,
701 1771 774 1819 qui
821 1771 864 1809 in
913 1771 1168 1810 recensione
1213 1771 1450 1810 voluminis
1491 1771 1623 1819 primi
1644 1765 1671 1815 ¹)
1715 1771 1921 1819 ostendit,
1961 1771 2016 1810 ad

251 1849 457 1888 Andriam
507 1849 530 1887 7
581 1849 621 1895 3,
666 1847 738 1886 ubi
780 1847 968 1886 editores
1011 1847 1175 1886 frustra
1221 1847 1536 1895 quaesiverunt
1567 1847 1747 1886 ubinam
1780 1847 1824 1886 in
1857 1847 2017 1887 Tuscu-

251 1926 360 1964 lanis
417 1924 537 1964 locus
591 1923 664 1962 ille
712 1922 932 1962 Ciceronis
979 1923 1212 1971 legeretur,
1264 1923 1568 1971 corrigendum
1617 1933 1714 1962 esse
1763 1920 1926 1962 ‘Cicero
1971 1923 2015 1961 in

251 2001 548 2048 Caeliana',
599 1999 670 2038 ubi
711 2000 734 2045 ἓ
778 2001 802 2038 6
846 1998 1083 2037 discrimen
1127 2000 1241 2038 inter
1283 1999 1569 2038 maledictum
1612 2000 1656 2038 et
1689 1999 2015 2038 accusationem

250 2077 317 2116 vel
352 2077 517 2115 crimen
551 2075 714 2114 diserte
746 2074 1008 2113 declaratur.

370 2151 709 2192 Amstelodami2
1677 2151 1728 2190 H.
1761 2150 1809 2189 Τ.
1843 2150 1895 2190 K.

302 2325 322 2366 ¹)
349 2323 389 2358 ln
416 2322 548 2357 Museo
574 2318 825 2356 Ncerlandico
849 2332 882 2354 a.
911 2319 996 2354 1913
1022 2331 1056 2363 p.
1087 2321 1151 2355 1⁵25
1175 2333 1257 2365 sqq.
