2242 3443
0 1252 2 1260 ν
0 1225 3 1235 -
0 1179 6 1190 .-
0 1049 10 1161 -.*-.-*-
0 973 13 1034 ,ΝΣ-ζ,

16 1134 19 1137 s
19 943 26 948 ι

109 295 181 330 317

108 902 182 938 318

107 1588 182 1624 319

109 2067 184 2104 320

108 2371 179 2407 321

106 2446 180 2482 322

110 2973 187 3022 323

953 166 1032 202 149

312 290 330 326 1
352 298 510 333 ITAQUE
529 298 637 326 ERGO
656 299 873 326 AMANTUR
892 286 1057 336 ‘itaque'
1080 290 1221 337 inquit
1237 289 1491 328 ‘nemoillas
1505 290 1636 327 amat’
1654 300 1661 326 :
1676 288 1864 337 εἰρωνεία.

256 366 278 401 4
310 374 412 409 QUID
441 375 528 402 TUA
555 375 705 402 ismae
733 366 867 413 recte,
898 366 960 403 sic
988 366 1104 403 enim
1133 366 1224 412 ipse
1252 366 1367 404 dicet
1395 366 1453 403 ‘at
1470 362 1578 404 nihil
1596 366 1647 403 ad
1666 366 1863 402 nostram

256 441 382 478 hanc’
409 442 467 491 (v,
493 441 607 478 361).
639 442 661 478 ἔ)
691 450 810 479 NovA
836 451 1001 479 FIGURA
1029 451 1123 479 oms
1150 442 1293 479 laudis
1319 451 1456 489 genus
1485 442 1550 479 est
1580 440 1735 487 ‘nova’,
1765 440 1865 487 quia

253 516 423 554 dixerat
449 516 608 554 ‘taedet
636 516 953 554 cotidianarum
982 518 1137 555 harum
1156 518 1412 555 formarum’
1440 519 1495 560 (v.
1527 516 1638 555 297).
1669 516 1690 553 7
1722 526 1862 553 PAPAE

251 592 494 630 interiectio
530 592 639 629 inira
670 591 816 630 subito
850 593 1116 640 accipientis.

424 666 444 699 2
477 665 579 700 Vere
608 667 814 710 amantur,
844 668 888 701 ut
918 675 964 701 eo
994 667 1122 709 magis
1150 666 1247 701 haec
1276 666 1448 701 amanda
1473 666 1544 707 sit,
1571 674 1672 708 quae
1698 666 1862 699 naturae

372 719 580 761 beneficio,
609 729 688 754 non
715 720 911 754 industria
926 722 996 755 aut
1011 720 1125 755 factis
1142 721 1386 764 communis,
1405 720 1570 763 pulchra
1585 722 1660 754 est.
1680 718 1701 752 3
1717 728 1862 759 ITAQUE

370 782 471 807 ERGO
502 782 699 808 AMANTUR
725 777 876 816 atque
906 774 995 817 ita,
1023 777 1067 809 ut
1091 774 1163 809 sit:
1190 776 1309 817 atque
1332 775 1388 808 ita
1411 773 1471 808 fit.
1500 775 1543 808 ut
1569 775 1756 808 amentur
1780 781 1861 806 non

371 829 538 862 naturae
566 829 710 862 merito
741 829 809 862 sed
840 828 1050 865 industria,
1080 828 1102 862 6
1128 837 1222 869 QUID
1248 838 1282 862 T.
1307 837 1332 863 1.
1360 829 1471 863 deest
1496 827 1636 871 ‘qualis
1661 828 1753 861 θεῖῗ)
1778 825 1861 860 dic'.

313 898 332 935 1
368 908 501 936 conca
534 908 672 936 VERUS
706 899 807 945 quia
837 909 924 937 non
957 899 1008 937 de
1042 909 1146 937 cura
1179 901 1247 937 θεῖ
1279 908 1327 937 ac
1360 899 1409 936 de
1442 898 1559 947 fuco,
1588 898 1664 936 sed
1691 899 1861 935 natura—

251 973 318 1011 11ε.
353 978 420 1017 (a).
458 974 481 1011 2
517 984 677 1012 CORPUS
711 984 899 1012 SOLIDUM
933 974 1033 1022 quia
1065 975 1320 1013 iunceum
1355 984 1439 1013 non
1474 976 1556 1013 θεῖ.
1586 974 1611 1012 3
1641 984 1735 1012 soei
1763 983 1859 1010 PLE-

253 1060 347 1087 NUM
389 1050 489 1097 quia
529 1060 658 1088 nemo
702 1051 939 1088 deduxit
972 1050 1155 1088 cibum
1189 1060 1293 1088 nam
1327 1060 1498 1088 sucus
1531 1052 1599 1088 θεῖ
1631 1050 1786 1088 humor
1817 1050 1858 1086 in

250 1135 443 1173 corpore,
490 1136 572 1173 quo
615 1126 836 1164 abundant
882 1126 990 1164 bene
1031 1126 1254 1164 valentes:
1291 1125 1348 1164 ‘et
1379 1136 1513 1165 sucus
1547 1126 1689 1174 pecori
1722 1127 1765 1163 et
1796 1125 1862 1163 lac

252 1201 509 1239 subducitur
542 1202 681 1249 agnis’
715 1201 816 1245 (Ecl.
853 1203 892 1240 3.
928 1203 982 1243 6).
1019 1203 1040 1240 7
1077 1212 1186 1240 ANNJ
1220 1212 1437 1240 snxnncuu
1465 1202 1563 1240 vide
1591 1201 1868 1249 quemadmo-

250 1277 352 1315 dum
381 1279 571 1316 aetatem
600 1279 799 1316 maturae
818 1278 1000 1325 virginis
1017 1280 1144 1326 poeta
1162 1288 1217 1316 ex
1235 1279 1464 1316 occasione
1483 1278 1864 1316 demonstraverit.

427 1352 444 1385 1
475 1361 499 1385 α
524 1361 652 1395 neque
675 1351 845 1387 fucatus.
879 1353 901 1386 4
932 1353 1093 1388 Sucus
1125 1354 1186 1387 θεῖ
1211 1353 1371 1396 proprie
1395 1352 1510 1396 quasi
1540 1362 1666 1396 sugu
1682 1363 1717 1396 ε,
1743 1362 1861 1396 quen]

369 1405 443 1440 sibi
479 1415 530 1440 ex
569 1406 769 1441 alimentis
807 1407 988 1442 membra
1025 1408 1239 1449 sugunt.
1279 1408 1323 1441 ut
1363 1416 1405 1441 se
1434 1405 1627 1449 repleant.
1660 1408 1680 1440 5
1711 1416 1861 1441 GORPUS

370 1468 545 1494 somDUM
584 1459 746 1504 plenum
783 1462 823 1495 θῖ
860 1460 979 1503 forte,
1018 1460 1053 1494 id
1085 1461 1148 1495 θεῖ
1175 1469 1255 1495 non
1284 1460 1501 1495 flaccidum.
1533 1460 1555 1494 6
1586 1470 1674 1495 SUCI
1701 1470 1862 1495 PLENUM

370 1523 491 1548 sucus
521 1515 583 1549 θεῖ
611 1513 778 1549 interior
808 1514 1006 1558 pinguedo
1037 1514 1320 1549 membrorum.

310 1586 334 1623 3
368 1595 487 1623 HANG
520 1596 575 1623 TU
607 1596 707 1623 MIHI
741 1596 821 1623 VEL
853 1596 896 1623 v1
925 1597 1006 1623 VEL
1035 1597 1151 1624 CLAM
1181 1596 1260 1623 VEL
1288 1596 1499 1624 PRECARIO
1528 1586 1767 1624 secundum
1794 1586 1862 1623 ius

248 1660 420 1699 locutus
447 1648 541 1709 θεῖ,4
562 1671 666 1699 nam
695 1660 764 1700 his
790 1661 928 1699 tribus
958 1661 1072 1699 mala
1095 1660 1177 1700 fide
1195 1661 1359 1708 aliquid
1377 1661 1647 1709 possidetur:
1668 1662 1693 1699 4
1711 1660 1774 1701 (VI
1793 1691 1800 1700 .
1824 1691 1830 1699 .
1853 1691 1860 1699 .

251 1747 393 1775 GLAM.
416 1766 452 1774 ..
486 1741 714 1781 PRECARm)
750 1737 822 1775 ‘vi’
856 1738 957 1785 quia
989 1738 1131 1786 virgo,
1163 1738 1305 1776 ‘clam’
1335 1738 1436 1785 quia
1464 1737 1726 1785 custoditur,
1759 1737 1861 1785 ‘pre-

251 1812 380 1850 cario'
414 1813 515 1859 quia
546 1813 735 1860 pretium
770 1823 855 1851 non
890 1813 1021 1851 habet
1055 1813 1260 1852 Chaerea.

426 1888 442 1920 l
474 1896 584 1922 HANG
613 1897 647 1922 T.
678 1897 719 1921 M.
749 1897 785 1922 v.
815 1898 850 1922 v.
881 1897 918 1922 v.
949 1898 979 1923 c.
1010 1898 1046 1923 v.
1076 1897 1112 1922 P.
1142 1887 1240 1923 haec
1268 1887 1347 1922 tria
1374 1889 1489 1931 suut,
1514 1888 1657 1930 quibus
1682 1897 1762 1922 non
1788 1887 1861 1923 rite

368 1949 431 1975 res
462 1940 609 1984 agitur.
641 1941 662 1975 2
691 1940 712 1964 ⁵⁵
741 1951 816 1976 VEL
844 1950 885 1975 vr
915 1951 948 1976 v.
976 1951 1008 1976 c.
1035 1951 1069 1976 V.
1094 1951 1128 1976 P.
1156 1940 1273 1985 pretii
1297 1942 1448 1976 mentio
1474 1951 1554 1976 non
1580 1943 1659 1985 est,
1684 1941 1746 1977 vel
1771 1942 1863 1984 quia

371 1993 503 2039 virgo,
530 2004 610 2030 non
636 1995 848 2038 meretrix,
873 1995 935 2030 vel
961 1996 1051 2038 quia
1074 1995 1185 2031 nulla
1209 1996 1362 2039 ephebo
1379 2005 1471 2039 spes
1488 1998 1550 2031 θεῖ
1564 1994 1724 2030 fallendi
1740 1996 1861 2031 senis.

308 2075 399 2103 MEA
440 2076 565 2104 N1H1L
598 2076 762 2104 aarum*
795 2077 889 2104 DUM
922 2077 1082 2104 POTIAR
1114 2077 1231 2105 mono
1264 2077 1350 2105 non
1384 2067 1465 2105 hoc
1497 2076 1709 2115 personae
1743 2067 1862 2105 attri-

252 2140 470 2180 buendum
504 2143 573 2180 θεῖ
605 2142 681 2180 sed
714 2142 916 2194 affectu13
945 2152 1032 2180 non
1060 2143 1176 2180 enirn
1205 2143 1307 2190 quia
1333 2141 1525 2181 Chaerea
1554 2146 1639 2190 θεῖ,
1669 2142 1743 2181 sed
1762 2142 1861 2189 quia

253 2219 439 2266 amator,
474 2218 579 2256 dicit
611 2228 658 2256 se
689 2219 814 2266 parvi
845 2218 988 2256 facere
1021 2218 1392 2265 quemadmodum
1420 2219 1630 2266 potiatur,
1661 2219 1762 2256 dum
1792 2228 1859 2266 po·

250 2293 397 2332 tiatur.

309 2379 410 2414 Qun>
443 2379 572 2407 VIRGO
606 2380 707 2407 omA
739 2380 814 2407 EST
848 2371 994 2408 utrum
1031 2369 1188 2408 ‘serva’
1220 2379 1275 2407 an
1307 2368 1440 2407 filia’?

310 2446 330 2483 1
365 2455 420 2483 NE
452 2456 496 2483 ID
529 2455 695 2489 QUIDEM
727 2445 910 2493 pulchra
939 2445 1155 2483 varietas:
1188 2445 1362 2484 ‘nescio'
1396 2445 1699 2484 ‘tantumdem’
1726 2444 1793 2483 ‘ne
1819 2444 1859 2482 id

253 2521 454 2568 quidem’.
498 2523 521 2559 2
569 2531 657 2565 QUA
699 2532 889 2560 ΒΑΤΙΟΝΕ
932 2532 1082 2561 ΑΜῙεΤΙ
1124 2521 1262 2570 figura
1305 2520 1487 2572 συγκοπὴ
1519 2531 1593 2568 pro
1627 2519 1860 2558 ‘amisisti’.

251 2597 275 2633 3
309 2606 395 2640 QUA
426 2607 465 2635 R.
499 2608 542 2635 A.
576 2597 660 2635 nisi
691 2597 979 2636 remansisset
1013 2597 1221 2645 Chaerea,
1256 2597 1332 2636 sed
1359 2598 1619 2636 consecutus
1647 2595 1858 2642 virginem

253 2672 439 2710 vidisset
479 2682 562 2719 quo
604 2673 791 2711 deducta
832 2673 908 2721 sit,
952 2683 1083 2720 quam
1118 2673 1437 2712 Parmenonem
1471 2671 1740 2717 conveniret,
1775 2679 1859 2708 non

252 2747 315 2786 ita
346 2748 595 2795 procederet
625 2748 790 2798 fabula,
824 2751 872 2788 ut
904 2759 1018 2787 nunc
1050 2749 1264 2796 procedit3
1297 2748 1510 2786 inruisset
1537 2746 1656 2784 enini
1689 2746 1732 2782 in
1767 2755 1859 2793 cog-

252 2822 463 2861 nitionem
507 2824 749 2862 meretricis
780 2824 1032 2872 importune
1064 2823 1254 2863 Chaerea
1285 2833 1365 2862 nec
1396 2833 1471 2871 pro
1504 2821 1701 2860 eunucho
1733 2820 1857 2858 addu-

257 2900 425 2936 ceretur
454 2899 654 2938 ulterius.

314 2975 336 3010 2
369 2984 520 3011 MECUM
551 2981 877 3014 sroMACHABAR
907 2975 1014 3013 bene
1049 2974 1266 3020 ‘mecum’‚
1299 2975 1400 3021 quia
1431 2973 1640 3012 acriorem
1669 2971 1857 3009 dolorem

254 3048 462 3097 sustinet,
497 3050 571 3097 qui
602 3051 696 3098 ipse
728 3051 811 3089 sibi
843 3051 976 3089 irasci
1008 3050 1190 3098 cogitur.
