2242 3443
114 338 188 374 167

116 1464 191 1500 168

118 2474 194 2510 169

123 2997 139 3030 1
147 2995 201 3035 70,

189 3135 346 3171 Karsten,
364 3134 452 3163 Com.
470 3132 553 3161 Don.

955 205 1037 243 129

322 333 341 370 1
376 341 580 376 QUAEsivi
615 330 710 368 vide
737 328 1108 376 quemadmodum
1137 326 1341 365 adhibeat
1366 330 1495 374 atque
1523 337 1758 366 aerumnas
1783 328 1866 366 sibi

261 406 502 446 difficilium
546 415 779 444 munerum
817 404 932 442 dicat
962 403 1225 451 imposuisse
1258 403 1556 441 meretricem:
1593 401 1661 440 ‘ex
1693 403 1865 442 Aethio-

261 483 330 532 pia
362 481 632 521 ancillulam'
665 479 808 528 inquit
841 475 967 518 ‘dixti
1000 481 1043 516 te
1071 479 1264 526 cupere';
1294 477 1393 525 quid
1420 487 1499 524 ego
1526 478 1608 516 feci
1635 478 1678 516 in
1697 489 1741 517 re
1760 480 1867 518 caeli

258 569 308 597 ac
334 557 440 597 solis
467 567 517 596 ac
546 567 685 605 paene
712 556 828 595 orbis
856 555 1069 593 alterius?
1097 553 1320 601 ‘quaesivi’
1351 563 1428 591 nec
1456 553 1572 591 enim
1598 554 1640 591 in
1665 556 1865 603 promptu

256 636 368 672 erat.
415 634 439 671 3
483 642 620 671 Pomm
661 641 906 670 EUNUGHUM
945 625 1226 678 <‘porro'>
1257 628 1411 667 deinde
1443 628 1512 667 vel
1544 631 1706 677 postea.
1741 632 1806 674 (α).
1841 632 1865 668 4

261 719 505 748 EUNUCHUM
547 719 682 746 VELLE
714 707 939 746 eunuchos
971 717 995 744 a
1028 706 1174 744 Persis
1206 705 1435 743 institutos
1466 706 1622 752 putant
1652 716 1707 744 ex
1740 706 1867 754 capti-

264 787 352 833 vis;
385 795 410 823 a
441 784 738 832 Babylonibus
770 783 885 822 enim
921 781 1177 820 Hellanicus
1209 782 1364 819 auctor
1397 782 1544 818 exstat
1578 780 1618 818 id
1650 781 1873 821 habuisse.

261 863 286 900 6
329 871 573 900 EUNUCHUM
613 859 804 909 εὐνοῦχος
846 857 995 907 εἴρηται
1027 855 1079 903 ὡς
1111 855 1234 905 εὐνὴν
1266 855 1364 906 ἔχων
1393 851 1492 893 τοῦτ’
1520 854 1623 893 ἔστιν
1651 856 1872 906 φυλάττων,

263 935 314 982 ὡς
346 934 505 986 ἡνίοχος
538 935 761 986 ῥαβδοῦχος
795 939 1053 984 σκηπτοῦχος·
1084 930 1208 982 εὐνὴν
1241 925 1314 970 οὖν
1347 930 1538 983 γυναικὸς
1569 930 1753 980 κάνδρός.

432 1011 454 1046 2
484 1007 507 1030 *
536 1009 683 1045 Deinde
712 1019 792 1044 non
823 1008 983 1052 ‘petisti'
1014 1008 1084 1043 sed
1112 1006 1289 1051 ‘dixisti’,
1314 1005 1516 1041 nec‘velle
1532 1005 1585 1041 te'
1603 1007 1670 1041 sed
1687 1006 1870 1051 ‘cupere'‚

379 1074 460 1100 non
486 1063 668 1107 ‘nigram’
693 1063 765 1100 sed
791 1064 854 1097 ‘ex
877 1058 1104 1105 Aethopia’,
1130 1070 1202 1096 nec
1218 1060 1332 1095 ‘dedi’
1350 1060 1419 1095 sed
1435 1059 1595 1095 ‘relictis
1612 1061 1730 1096 rebus
1747 1062 1871 1096 omni-

385 1120 458 1154 bus
496 1117 710 1162 quaesivi':
751 1117 844 1161 quid
883 1125 962 1151 non
1001 1114 1265 1159 exquisitum,
1296 1115 1387 1158 quid
1417 1123 1497 1149 non
1527 1115 1583 1149 ita
1611 1124 1869 1159 expressum,

383 1174 426 1208 ut
454 1171 551 1207 nihil
580 1172 669 1207 addi
698 1170 858 1215 possit?
886 1169 908 1204 3
938 1179 961 1203 α
992 1169 1055 1204 vel
1084 1168 1211 1203 multo
1236 1168 1342 1212 post.
1370 1169 1391 1202 5
1417 1166 1439 1191 ’¹‘
1464 1177 1631 1203 aponao
1645 1177 1870 1204 EUNUCHUM

379 1235 491 1262 DIXTI
519 1235 643 1261 VELLE
672 1235 719 1260 TE
746 1226 834 1260 vide
863 1223 1218 1267 quemadmodum,
1245 1224 1291 1257 ut
1315 1221 1445 1257 maius
1469 1220 1586 1257 faciat
1611 1223 1714 1266 quod
1739 1232 1870 1266 praes-

379 1280 478 1324 titit,
509 1289 589 1315 non
615 1277 739 1315 semel
761 1279 937 1323 imputat
961 1278 1039 1313 duo
1054 1276 1270 1320 mancipia,
1289 1276 1357 1311 sed
1374 1276 1503 1321 primo
1520 1276 1709 1320 puellam,
1726 1276 1870 1312 deinde

381 1333 632 1370 eunuchum:
662 1332 794 1377 illum,
821 1331 915 1376 quia
943 1331 1007 1367 ‘ex
1036 1329 1277 1374 Aethiopia’‚
1307 1330 1414 1365 hunc
1439 1329 1543 1373 ‘quia
1567 1330 1675 1366 solae
1699 1332 1870 1366 utuntur

377 1389 440 1424 his
470 1387 658 1431 reginae'.
688 1385 787 1430 Quid
817 1386 896 1422 tale
924 1384 1065 1421 Thaidi
1092 1384 1230 1420 rivalis
1258 1383 1395 1419 dedit?

320 1460 344 1497 2
377 1469 482 1504 QUIA
515 1469 649 1496 SOLAE
681 1467 888 1496 UTUNTUR
919 1467 992 1494 His
1024 1466 1216 1495 REGINAE
1248 1456 1366 1493 varie
1395 1454 1672 1492 ‘eunuchum'
1700 1454 1810 1492 dixit
1829 1458 1872 1493 et

263 1535 413 1573 intulit
453 1529 565 1582 ‘his’‚
609 1535 656 1572 ut
700 1533 751 1571 ‘si
793 1533 1023 1580 quisquam
1059 1533 1125 1570 est
1156 1531 1229 1578 qui
1260 1530 1430 1579 placere
1462 1539 1509 1568 se
1541 1530 1717 1568 studeat
1749 1529 1872 1568 bonis

260 1620 392 1658 quam
425 1609 625 1658 plurimis
657 1610 700 1647 et
732 1608 916 1647 minime
949 1607 1115 1646 multos
1145 1606 1334 1654 laedere,
1369 1606 1412 1643 in
1445 1606 1513 1643 his
1544 1607 1672 1653 poeta
1703 1605 1771 1644 hic
1799 1616 1868 1643 no-

264 1695 363 1724 men
403 1683 628 1733 profitetur
670 1684 814 1722 suum'
858 1682 978 1731 (prol.
1026 1683 1045 1720 1
1080 1683 1201 1729 sqq).
1236 1681 1260 1719 3
1293 1690 1477 1719 REPPERI
1509 1680 1605 1728 plus
1638 1682 1705 1718 est
1738 1690 1866 1727 quam

264 1761 391 1800 ‘emi’.
439 1761 465 1799 9
507 1760 559 1799 Et
602 1759 802 1808 ‘reginas’
846 1758 976 1797 modo
1018 1757 1232 1801 divites
1275 1757 1398 1795 dicit:
1445 1756 1486 1793 in
1526 1755 1788 1794 Phormione
1832 1755 1869 1794 ‘o

263 1847 409 1886 regem
442 1847 513 1875 me
545 1846 643 1875 esse
675 1835 881 1884 oportuit'
914 1841 970 1881 (v.
1004 1834 1085 1875 70).

436 1913 451 1945 1
484 1918 659 1946 REGINAE
689 1907 876 1952 ‘reginae’
907 1907 1069 1950 divites,
1099 1907 1169 1942 sed
1200 1907 1504 1949 ἐμφατικώτερον
1529 1906 1604 1940 est.
1631 1906 1653 1938 4
1670 1902 1692 1924 *
1709 1905 1756 1939 Et
1781 1903 1869 1939 vide

378 1974 499 2008 quam
538 1963 710 2008 propriis
739 1964 778 1998 et
807 1961 1068 2006 amplissimis
1097 1960 1229 1997 verbis
1259 1969 1360 1995 usus
1389 1961 1469 2003 est,
1500 1959 1591 2002 quisi
1620 1959 1660 1994 et
1687 1958 1868 1994 ancillam

378 2018 442 2053 ‘ex
466 2018 704 2061 Aethiopia',
729 2017 770 2051 et
793 2016 1025 2052 eunuchum
1052 2015 1208 2059 <⁶quia
1231 2015 1339 2050 solae
1354 2015 1526 2048 utuntur
1542 2013 1603 2047 his
1620 2013 1866 2056 reginae'>;

377 2072 484 2108 illam
510 2071 713 2116 ‘quaesivi'
735 2072 842 2107 hunc
855 2069 1049 2115 ‘repperi'.
1068 2071 1089 2104 5
1106 2070 1210 2112 Ergo
1225 2069 1437 2112 vigilanter
1453 2067 1634 2102 ancillam
1652 2067 1871 2110 ‘quaesivi'‚

376 2127 485 2163 hunc
512 2126 713 2170 ‘repperi':
742 2127 934 2161 neutrum
959 2125 1064 2159 enim
1090 2124 1237 2159 horum
1260 2122 1372 2158 facile
1395 2123 1573 2166 positum
1599 2123 1698 2155 erat.
1726 2122 1747 2156 6
1773 2130 1867 2161 Qum

379 2191 502 2217 SOLAE
527 2189 721 2216 UTUNTUR
737 2189 803 2215 ms
818 2187 993 2215 REG1NAE
1009 2180 1122 2221 nota,
1140 2187 1230 2213 cum
1248 2174 1503 2212 ‘eunuchum'
1521 2173 1714 2218 singulari
1729 2183 1869 2208 nume-

378 2244 422 2270 ro
454 2233 749 2280 praeposuerit,
781 2233 869 2268 ‘his’
901 2231 1174 2267 subiunxisse.
1200 2232 1221 2267 7
1249 2230 1322 2266 Sed
1347 2230 1435 2265 ‘his'
1460 2238 1540 2263 non
1567 2229 1614 2262 ad
1638 2227 1866 2263 eunuchum

319 2327 322 2334 ,
377 2289 550 2335 rettulit,
576 2290 644 2324 sed
669 2288 717 2323 ad
733 2287 892 2324 delicias
909 2287 979 2321 aut
995 2285 1086 2329 quid
1104 2286 1203 2321 tale:
1222 2286 1314 2328 quia
1328 2283 1436 2320 solae
1453 2284 1624 2318 utuntur
1638 2280 1868 2317 huiusmodi

377 2342 525 2379 deliciis
555 2341 809 2385 servitiisque
837 2340 1012 2384 reginae.
1041 2339 1065 2374 8
1093 2337 1116 2359 *
1144 2339 1194 2374 Et
1223 2338 1394 2373 oratorie
1417 2337 1480 2372 hic
1504 2336 1678 2372 subdidit
1703 2336 1803 2378 quod
1827 2335 1866 2369 in

380 2396 563 2433 ancillula
590 2394 879 2440 praetermisit,
909 2393 1001 2437 quia
1024 2392 1135 2428 nulla
1162 2391 1423 2436 Aethiopissa
1446 2390 1619 2426 honesta
1636 2389 1708 2424 dici
1725 2389 1867 2433 potuit.

325 2469 345 2506 1
389 2478 495 2506 Ham
538 2477 674 2505 MINAs
706 2476 875 2506 viemrr
907 2475 988 2502 PRO
1020 2473 1224 2502 AMBoscs
1255 2473 1357 2501 DEDI
1388 2461 1632 2500 recentiora
1664 2457 1869 2498 beneficia

263 2544 464 2592 graviora
495 2544 599 2581 sunt
625 2542 838 2580 adversus
865 2541 1076 2588 ingratos.
1116 2537 1173 2582 (a)
1202 2539 1226 2576 2
1254 2548 1335 2576 PRo
1360 2547 1566 2576 AMBOBUS
1592 2545 1693 2573 DEDI
1710 2534 1867 2571 melius

263 2619 494 2658 amborum
534 2618 744 2666 pretium,
777 2626 910 2664 quam
942 2617 991 2654 ut
1023 2614 1261 2663 separatim
1295 2614 1478 2660 diceret,
1513 2610 1724 2659 quantillo
1756 2619 1867 2647 eme-

263 2695 321 2733 rit
359 2693 613 2733 ancillulam
656 2693 845 2741 nigram,
880 2691 931 2730 de
963 2700 1049 2738 qua
1080 2700 1185 2728 mox
1217 2689 1385 2727 dicetur
1417 2687 1503 2725 ‘hic
1534 2688 1637 2724 sunt
1668 2687 1758 2723 tres
1791 2683 1866 2721 mi-

264 2770 359 2808 nae’
395 2770 452 2808 (V.
487 2770 612 2816 471);
645 2778 747 2806 nam
781 2767 956 2806 constat
987 2765 1237 2803 eunuchum
1270 2764 1410 2802 solum
1445 2771 1638 2810 emptum
1666 2768 1763 2798 esse
1789 2758 1863 2796 mi·

264 2845 332 2884 nis
364 2844 538 2893 viginti,
572 2845 622 2882 ut
651 2844 745 2891 ipse
777 2842 991 2880 Parmeno
1024 2838 1300 2879 confitebitur
1331 2838 1427 2877 seni
1458 2842 1513 2877 (v,
1547 2834 1658 2874 982³.

438 2917 456 2952 1
489 2926 512 2950 a
541 2926 635 2961 ergo
664 2926 687 2952 a
714 2918 897 2960 tempore
925 2914 1127 2950 inducitur
1156 2912 1423 2957 exprobratio.

320 2998 468 3028 TAMEN
500 2997 778 3026 CONTEMPTUS
809 2984 897 3024 ABs‘
924 2996 975 3023 TE
1007 2986 1050 3023 et
1081 2986 1161 3022 hoc
1192 2985 1392 3022 servatur
1422 2982 1465 3019 in
1498 2978 1733 3025 beneficiis,
1762 2986 1864 3014 nam

265 3065 433 3104 maiora
463 3064 569 3103 sunt
600 3062 876 3102 cessantibus
907 3059 1081 3099 meritis
1113 3068 1282 3106 eorum,
1316 3057 1472 3105 quibus
1504 3054 1792 3104 praestantur.

1739 3121 1758 3148 9
