2242 3443
312 618 360 654 14

314 1017 362 1052 15

311 1409 360 1445 16

314 1912 360 1947 17

312 2355 361 2390 18

1184 243 1208 278 4

608 367 622 400 1
656 366 676 386 ³*
707 376 813 408 QUAE
841 376 874 401 c..
904 376 928 401 1.
959 376 997 401 A.
1024 366 1190 409 apparet
1220 374 1298 400 non
1325 365 1372 400 de
1395 363 1596 401 industria
1621 366 1690 402 sed
1715 375 1812 402 casu
1837 374 1928 401 esse
1950 366 2084 402 trans·

550 419 631 454 lata
668 429 732 463 ea,
777 430 879 463 quae
919 430 968 455 ex
1007 419 1213 454 Perinthia
1252 420 1290 453 in
1330 419 1522 454 Andriam
1551 420 1692 456 eodem
1722 429 1847 457 sensu
1875 419 2082 464 isdemque

552 474 680 508 verbis
720 475 942 518 perscripta
980 474 1155 508 fuerunt.
1197 473 1218 507 2
1260 482 1368 514 QUAE
1405 482 1437 508 c.
1468 482 1493 508 1.
1524 483 1562 509 A.
1593 483 1714 510 unam
1745 484 1840 520 ergo
1869 484 1949 510 non
1978 475 2081 511 duas

553 528 776 563 transtulit.

480 625 678 654 uri-:Tun
704 626 1023 655 TRANSTULISSE
1050 615 1124 654 sed
1154 625 1286 663 quare
1314 624 1417 663 ergo
1449 625 1496 654 se
1524 617 1675 655 onerat
1701 616 1949 665 Terentius,
1979 626 2079 656 cum

432 692 568 739 possit
601 692 737 731 videri
770 693 820 731 de
850 703 934 730 una
959 691 1276 730 transtulisse?
1305 691 1374 730 Sic
1402 691 1613 731 solvitur:
1642 693 1744 740 quia
1769 692 1848 731 sibi
1879 693 2080 732 conscius

430 769 496 805 est
538 770 725 815 primam
768 778 973 807 scaenam
1013 768 1065 806 de
1108 767 1334 806 Perinthia
1376 777 1473 807 esse
1515 768 1800 817 translatam,
1834 769 1908 807 ubi
1939 779 2077 808 senex

430 844 492 881 ita
534 854 631 883 cum
677 854 812 883 uxore
850 844 1056 893 loquitur,
1097 846 1145 882 ut
1179 843 1291 892 apud
1324 842 1580 882 Terentium
1613 854 1713 883 cum
1745 844 1924 893 liberto;
1957 846 2004 884 at
2033 845 2077 884 in

432 921 596 959 Andria
629 921 850 960 Menandri
883 921 1002 959 solus
1035 922 1103 959 est
1136 930 1288 959 senex.

485 1015 503 1051 1
549 1024 593 1051 ID
630 1024 712 1053 rsa-1
746 1023 1020 1052 VITUPERANT
1051 1024 1089 1052 F.
1125 1012 1228 1051 ‘isti’
1257 1013 1309 1051 ad
1343 1013 1726 1061 reprehensionem
1760 1014 1953 1053 sumitur
1984 1024 2075 1062 per·

429 1098 584 1127 sonae:
620 1090 837 1128 interdum
865 1089 1247 1138 reprehensionem
1281 1089 1342 1127 rei
1370 1088 1610 1138 significat,
1640 1092 1687 1128 ut
1712 1089 1934 1138 Vergilius
1961 1088 2076 1138 ‘quid

433 1165 546 1212 petis
580 1165 691 1203 istis’
725 1166 843 1204 (Aen.
879 1166 918 1203 9.
954 1166 1035 1207 94).
1071 1166 1095 1203 3
1124 1175 1370 1204 DISPUTANT
1396 1165 1700 1214 immorantur,
1731 1165 2075 1216 calumniantur,

432 1243 810 1288 argumentantur.

607 1317 627 1350 2
659 1325 911 1352 vr'rUPERANT
941 1316 1071 1351 vitum
1102 1317 1158 1352 rei
1187 1318 1345 1360 parant.

482 1404 506 1443 3
551 1414 856 1444 CONTAMINARI
900 1404 1219 1444 ‘contaminari’
1263 1405 1387 1454 tangi
1429 1410 1483 1450 (α)
1524 1404 1694 1454 polluta
1735 1414 1871 1443 manu
1913 1414 1964 1444 ac
1999 1414 2076 1454 per

431 1481 512 1519 hoc
554 1481 674 1520 velut
715 1481 879 1520 foedari
922 1484 998 1520 aut
1039 1481 1272 1531 maculari,
1312 1483 1363 1521 ut
1401 1481 1493 1530 ipse
1541 1481 1602 1520 ait
1644 1479 1711 1519 ‘ne
1747 1481 1829 1520 hoc
1865 1479 2074 1529 gaudium

430 1556 700 1594 contaminet
740 1557 832 1595 vita
873 1557 1143 1605 aegritudine
1186 1557 1344 1605 aliqua’
1386 1553 1512 1606 (Eun.
1558 1558 1672 1599 552).
1712 1558 1738 1595 4
1771 1566 2075 1595 οοΝΤΑΜῙΝΑΒῙ

429 1643 515 1671 NON
547 1642 710 1672 enonas
744 1633 785 1672 id
818 1635 907 1672 est:
941 1644 997 1672 ex
1042 1634 1197 1673 multis
1231 1644 1365 1673 unam
1401 1644 1488 1673 non
1521 1633 1671 1673 decere
1702 1633 1858 1673 facere.

608 1709 623 1742 1
657 1705 679 1727 ²*
707 1718 984 1744 communiam
1012 1708 1312 1745 ‘contaminare'
1343 1708 1500 1754 proprie
1529 1709 1592 1744 est
1621 1707 1808 1744 manibus
1837 1707 1923 1743 luto
1948 1706 2076 1752 plenis

550 1761 695 1805 aliquid
729 1763 930 1807 attingere
959 1765 999 1799 et
1026 1763 1062 1804 (2
1095 1768 1130 1805 α)
1160 1763 1358 1808 polluere;
1393 1762 1596 1807 Vergilius
1626 1762 1765 1806 ‘linqui
1793 1761 1995 1807 pollutum
2024 1760 2078 1797 h!

553 1817 668 1857 (Aen.
707 1816 742 1851 3.
785 1817 861 1858 61).
902 1818 923 1852 2
962 1828 985 1852 α
1022 1818 1298 1854 contaminare
1335 1818 1570 1862 contingere
1607 1818 1682 1853 est.
1718 1817 1740 1852 3
1777 1826 1801 1851 a
1824 1818 1866 1852 et
1892 1815 2076 1862 relinqui,

483 1907 502 1943 1
531 1915 777 1944 FAcmNTNE
805 1916 1132 1945 INTELLEGENDO
1160 1905 1244 1945 ‘ne'
1271 1907 1448 1955 quidam
1476 1906 1716 1955 corripiunt
1744 1909 1788 1945 et
1814 1915 1914 1944 cum
1945 1905 2077 1944 inter-

432 1982 658 2030 rogatione
699 1982 999 2031 pronuntiant‚
1038 1983 1217 2031 quidam
1261 1984 1520 2031 producunt,
1559 1991 1745 2030 quorum
1777 1981 1850 2020 alii
1884 1980 1966 2020 ‘ne’
1999 1990 2076 2029 pro

433 2068 576 2096 nonne
604 2057 823 2105 accipiunt
852 2058 907 2103 [id
937 2061 1002 2096 est
1030 2061 1131 2105 non]
1169 2056 1208 2107 ¹),
1231 2059 1305 2097 alii
1335 2058 1415 2098 ‘ne'
1435 2069 1510 2107 pro
1531 2058 1677 2107 valde,
1695 2059 1744 2096 ut
1763 2055 1830 2096 ‘ne
1847 2066 1926 2104 ego
1944 2057 2075 2095 homo

431 2144 530 2172 sum
573 2132 740 2171 infelix’
787 2133 883 2178 (Ad.
928 2135 1026 2173 540)
1071 2137 1113 2173 et
1155 2134 1302 2174 Cicero
1347 2134 1413 2173 ‘ne
1454 2135 1520 2173 illi
1553 2134 1650 2173 veh.
1696 2135 1770 2174 er.'
1803 2131 1910 2173 (Cat.
1945 2132 1985 2171 2.
2019 2132 2074 2177 6),

605 2208 625 2242 2
665 2207 714 2242 Et
751 2207 825 2243 hoc
853 2209 1014 2250 melius,
1044 2218 1138 2244 nam
1167 2209 1307 2245 statim
1335 2209 1456 2245 infert
1481 2209 1664 2253 ‘quorum
1689 2206 1881 2243 aemulari
1906 2206 2075 2250 exoptat

552 2271 589 2295 n.
621 2271 656 2305 p.
686 2271 721 2304 q.
752 2261 775 2295 i.
806 2270 840 2296 o.
871 2262 919 2296 d.'
949 2262 970 2297 3
1001 2272 1052 2297 NE
1081 2263 1219 2307 nimis,
1250 2263 1442 2308 multum,
1485 2262 1716 2308 plurimum.

484 2351 503 2386 1
540 2358 612 2393 θυι
646 2359 733 2387 CUM
766 2359 885 2387 Hunc
917 2360 1144 2389 AccUSANT
1173 2361 1376 2390 NAEVIUM
1401 2361 1611 2390 PLAu'rUM
1636 2350 1810 2389 ἘΝΝΙΠΜ
1836 2361 1880 2389 A.
1909 2350 1954 2388 in
1987 2350 2070 2388 sin-

429 2425 543 2474 gulis
567 2434 728 2473 magna
754 2423 921 2473 ἕμφασις
949 2427 1220 2476 auctoribus,
1248 2428 1324 2467 sed
1355 2428 1458 2467 ordo
1476 2438 1561 2466 non
1580 2429 1648 2465 est
1664 2428 1887 2466 servatus:
1907 2426 2072 2465 Ennius

427 2510 616 2549 namque
649 2502 749 2539 ante
782 2501 987 2540 Plautum
1015 2503 1112 2541 fuit.
1143 2501 1198 2548 (α)
1229 2505 1252 2542 2
1282 2513 1356 2548 QUI
1383 2514 1471 2542 CUM
1498 2512 1618 2542 Hunc
1643 2513 1687 2541 A.
1706 2513 1748 2541 N.
1782 2513 1820 2541 P.
1849 2512 1887 2541 E.
1916 2501 2071 2541 Teren·

426 2577 557 2625 tium,
601 2577 758 2624 inquit,
802 2577 1050 2625 specialiter
1091 2582 1352 2618 accusantes
1384 2579 1589 2618 nesciunt
1629 2588 1675 2617 se
1709 2578 1833 2617 bonis
1865 2577 2071 2616 omnibus

428 2652 704 2699 maledicere,
739 2662 846 2700 quos
879 2653 951 2691 ille
978 2654 1192 2695 imitatur.
1229 2663 1281 2700 ια)

606 2727 623 2760 l
654 2736 678 2760 α
706 2727 775 2761 sed
804 2727 907 2769 quod
936 2729 999 2762 est
1029 2738 1236 2764 summum
1265 2729 1518 2765 auctoritatis
1544 2728 1718 2764 Ennium
1743 2728 1932 2764 ultimum
1955 2727 2070 2764 dixit.

550 2783 571 2814 2
601 2789 624 2814 α
653 2781 692 2815 et
718 2782 780 2815 est
809 2783 1095 2823 argumentum
1125 2784 1171 2818 ab
1201 2784 1386 2828 exemplo
1414 2785 1454 2819 et
1481 2782 1733 2818 auctoritate.

487 2870 505 2906 1
546 2877 708 2906 Damno
740 2877 795 2905 UT
829 2876 1068 2912 QuinSCANT
1101 2880 1138 2909 P.
1173 2881 1218 2909 M.
1252 2873 1386 2921 recte,
1419 2881 1524 2910 nam
1557 2869 1758 2918 ‘quiesce'
1791 2870 1855 2908 illi
1886 2869 2066 2919 dicitur,

425 2943 499 2991 qui
544 2945 611 2982 est
653 2943 850 2982 insolens
897 2945 942 2982 et
987 2944 1222 2992 inquietus.
1270 2947 1294 2984 2
1337 2957 1475 2986 PORRo
1519 2945 1674 2995 ‘porro’
1717 2945 1770 2984 in
1813 2945 2065 2984 futurum

356 3112 377 3154 ¹)
405 3111 577 3157 Expunxi
603 3110 797 3146 emblema.

2204 1664 2242 3443 1
