2242 3443
320 230 490 257 ΗκιτγκΑ
1167 219 1251 257 326

422 344 460 379 in
500 343 574 378 hoc
603 343 767 387 negotio
798 343 989 378 miseram
1020 344 1072 385 te,
1101 343 1175 379 hoc
1205 343 1269 379 est
1300 335 1560 379 innocentem
1591 344 1828 385 (secundum
1858 342 2091 387 exemplum

424 406 746 449 Sallustianum),
791 415 868 440 non
914 405 1131 441 scelestam
1174 405 1404 450 reperiam’3
1450 406 1675 442 secundum
1715 405 1817 441 hanc
1855 405 2092 449 interpreta-

423 468 588 510 tionem,
628 467 845 510 benignam
886 467 1056 512 mulieri,
1096 469 1204 503 recte
1244 467 1430 511 sequitur
1464 467 1671 503 sententia
1698 467 1979 504 adversativa:
2009 466 2094 503 ‘sed

425 537 531 563 nuno
561 528 657 564 mihi
687 529 727 564 in
758 532 937 564 mentem
968 530 1091 565 venit'
1120 540 1220 573 sqq,
1247 539 1348 573 quae
1375 530 1521 565 evertit
1543 529 1922 573 interpretationem
1937 527 2094 564 mulieri

425 590 653 635 benignam.
686 591 771 626 Iam
802 591 941 627 statim
974 594 1140 636 apparet
1171 591 1438 627 Wessnerum
1468 601 1680 636 perperam
1707 590 1904 627 scholium
1931 589 1954 627 3
1979 589 2093 626 resci-

424 652 532 688 disse
562 655 682 697 atque
712 653 882 689 alteram
912 655 1089 698 partem:
1123 655 1176 689 ‘et
1206 653 1293 689 ideo
1325 653 1509 697 sequitur
1535 653 1648 697 sqq.',
1673 662 1774 697 quae
1798 654 1885 689 arte
1908 652 2097 689 cohaeret

424 724 514 750 cum
555 715 693 751 scholii
733 716 755 752 3
795 716 921 760 initio,
952 717 1130 752 traxisse
1159 717 1206 752 ad
1238 716 1364 752 schol.
1396 717 1432 759 2,
1463 726 1565 760 quae
1596 715 1848 752 sententiam
1878 714 2098 751 adversati-

425 786 514 812 vam
555 778 670 819 (‘sed
711 788 818 813 nunc
855 778 952 813 mihi
990 778 1029 813 in
1071 780 1253 814 mentem
1293 778 1407 822 sqq.’)
1447 787 1703 822 nequaquam
1737 776 1905 822 patitur,
1935 786 2028 812 cum
2054 776 2094 812 in

425 840 500 876 hoc
539 840 690 876 scholio
730 840 911 876 mulieris
950 840 1068 885 culpa
1107 850 1187 876 non
1227 840 1366 876 minus
1407 841 1603 884 urgeatur
1632 841 1754 884 atque
1781 840 1821 874 in
1850 839 1984 875 verbis
2016 838 2097 875 ‘sed

426 911 534 938 nune
572 903 668 938 mihi
707 902 808 946 sqq.'
851 903 889 938 Si
928 904 1065 938 autem
1103 902 1334 946 quaerimus
1365 903 1404 938 in
1435 911 1514 946 quo
1544 901 1694 938 scholio
1726 902 1908 937 Donatus
1937 902 2097 937 senten·

425 963 520 999 tiam
557 973 674 999 suam
704 964 922 1008 exprimat,
953 964 1127 1000 dubitari
1158 964 1225 999 vix
1256 966 1408 1009 potest,
1439 964 1535 1008 quin
1565 964 1640 1000 hoc
1668 963 1806 1000 feeerit
1834 963 1875 999 in
1903 962 2030 999 schol.
2062 963 2096 1010 1,

426 1027 571 1069 quibus
613 1026 824 1061 subiunxit
862 1027 1095 1071 opinionem
1136 1026 1414 1070 ‘quorundam'
1450 1026 1489 1061 in
1520 1025 1556 1071 2,
1586 1035 1659 1062 nee
1687 1035 1769 1062 non
1799 1025 1962 1062 tertiam
1991 1024 2031 1060 in
2061 1024 2097 1070 3,

427 1089 532 1124 unde
571 1088 888 1124 concludendum
929 1090 992 1124 est
1030 1088 1143 1124 initio
1183 1088 1322 1124 scholii
1363 1088 1384 1125 3
1425 1088 1680 1124 intercidisse
1717 1088 1815 1124 haec
1851 1087 1991 1123 verba:
2021 1086 2100 1123 ‘alii

427 1151 511 1196 sic',
551 1161 654 1195 quae
693 1151 859 1186 inserui.
897 1150 1099 1186 Concludo
1129 1150 1282 1186 iustam
1313 1151 1528 1186 verborum
1558 1150 1940 1195 interpretationem
1970 1150 2009 1185 in
2037 1149 2101 1185 his

425 1213 589 1249 scholiis
620 1223 700 1248 non
731 1212 915 1257 inveniri,
945 1222 1048 1256 quae
1079 1212 1308 1248 necessario
1337 1213 1396 1248 sic
1425 1222 1516 1248 esse
1545 1213 1675 1257 debet,
1703 1213 1749 1248 ut
1772 1213 1880 1248 recte
1904 1213 2099 1256 sequatur

427 1275 634 1311 sententia
686 1275 932 1310 adversativi
984 1284 1054 1319 per
1095 1273 1207 1310 ‘sed’.
1250 1272 1356 1325 Hinc
1397 1275 1577 1311 Thomae
1616 1284 1774 1319 quoque
1817 1273 2101 1319 interpretatio

428 1337 588 1374 admitti
622 1338 792 1382 nequit:
835 1337 893 1373 ‘Je
931 1336 1120 1373 souhaite
1155 1346 1233 1380 que
1271 1338 1316 1372 tu
1353 1337 1437 1373 sois
1477 1337 1761 1373 malheureuse
1795 1345 1950 1372 comme
1989 1338 2035 1373 tu
2065 1335 2100 1372 le

430 1400 502 1445 dis,
532 1409 598 1436 car
628 1401 730 1436 c'est
761 1400 798 1435 la
820 1400 932 1444 Juste
962 1408 1226 1444 recompenso
1255 1400 1301 1434 de
1333 1400 1375 1435 ta
1403 1399 1619 1437 conduite’.

323 1461 398 1497 537
485 1462 508 1497 2
538 1462 606 1497 Ph.
638 1463 727 1499 370.
758 1461 793 1498 2.
880 1461 957 1498 546
986 1462 1009 1497 4
1038 1461 1201 1497 falsum.
1286 1460 1360 1498 547
1394 1463 1412 1498 1
1446 1461 1492 1498 of.
1523 1461 1611 1499 532.
1642 1462 1679 1498 3.
1763 1461 1784 1498 3
1816 1460 1920 1497 rhet.

324 1523 402 1559 548
484 1523 509 1560 2
538 1534 562 1559 α
592 1526 750 1560 notavit
780 1524 943 1560 Wessn.
1030 1524 1107 1560 549
1140 1524 1159 1559 1
1191 1523 1293 1559 rhet.
1379 1523 1457 1561 550
1485 1524 1507 1559 2
1537 1525 1653 1559 iuxta
1683 1524 1782 1559 Don.
1817 1523 1850 1558 1.

323 1586 398 1621 552
484 1586 507 1622 2
536 1586 681 1622 falsum
712 1588 853 1622 contra
882 1587 981 1622 Don.
1014 1587 1047 1623 1.

324 1647 400 1683 553
483 1648 505 1685 3
538 1649 612 1684 An.
645 1649 733 1686 698.
765 1648 801 1686 2.
831 1649 934 1686 Eun.
963 1648 1052 1685 227.
1083 1648 1120 1693 2,
1150 1647 1240 1684 414.
1275 1648 1310 1693 1,
1338 1648 1426 1694 935,
1461 1648 1572 1685 1077.
1603 1647 1637 1684 2.
1721 1648 1745 1684 2
1774 1658 1799 1683 α
1827 1647 1952 1684 schol.
1978 1648 2099 1683 nimis

430 1713 681 1755 suspectum.
765 1712 789 1746 4
819 1713 893 1746 An.
926 1711 1015 1748 954.
1046 1711 1146 1746 Eun.
1177 1711 1266 1747 779.
1297 1710 1333 1747 3.

325 1772 401 1808 554
485 1773 509 1809 2
547 1774 593 1809 cf.
634 1774 722 1810 518.
761 1772 796 1809 2.
883 1773 960 1809 555
997 1771 1021 1809 2
1051 1772 1174 1809 schol.
1205 1782 1274 1817 per
1304 1782 1427 1817 ergo
1457 1783 1480 1809 a
1509 1773 1593 1809 loco
1625 1781 1793 1817 prorsus
1823 1772 2023 1815 alienum;
2053 1772 2098 1807 cf.

433 1836 507 1870 An.
540 1835 630 1872 279.

323 1897 399 1933 556
485 1897 503 1932 1
545 1897 589 1933 cf.
630 1898 718 1935 523.
757 1899 794 1933 4.
878 1898 900 1934 3
940 1898 985 1933 cf.
1027 1897 1096 1933 Ph.
1127 1897 1216 1934 294.
1247 1897 1437 1934 Ceterum
1466 1898 1505 1933 in
1537 1899 1767 1933 commento
1798 1897 1892 1941 post
1920 1895 2043 1932 schol.
2074 1895 2099 1931 2

429 1960 565 2003 procul
594 1960 713 1995 (lubio
742 1959 952 2003 legebatur
981 1960 1069 1996 555.
1101 1959 1145 1995 6:
1179 1961 1330 2004 ‘potest
1359 1962 1399 1996 et
1428 1960 1485 1996 sic
1513 1959 1692 2003 intellegi
1721 1958 1819 2003 sqq.'
1867 1965 1871 1966 ⁷

324 2021 399 2057 563
487 2020 517 2056 1.
548 2021 572 2057 2
601 2022 701 2059 Eun.
733 2022 821 2066 578,
852 2022 940 2058 806.
971 2023 1007 2064 4,
1041 2021 1153 2058 1063.
1184 2022 1219 2058 3.
1305 2022 1381 2058 564
1411 2022 1436 2058 2
1462 2022 1647 2066 ineptum
1677 2022 1793 2057 iuxta
1820 2020 1920 2056 Don.
1951 2021 1985 2056 1.

323 2083 399 2119 580
482 2083 506 2118 2
543 2083 613 2119 Ph.
655 2083 741 2120 119.
772 2084 808 2120 2.
838 2084 873 2119 3.
957 2083 979 2120 3
1012 2093 1036 2118 α
1064 2084 1223 2119 notavit
1255 2083 1416 2120 Wessn.
1447 2084 1552 2128 quod
1582 2093 1663 2119 non
1694 2084 1857 2118 tantum
1886 2080 2100 2126 disrumpit

429 2145 551 2180 schol.
582 2145 618 2189 3,
649 2146 718 2181 sed
749 2146 872 2181 etiam
902 2146 1004 2181 falsa
1032 2144 1256 2190 praedicat.

320 2207 394 2244 577
483 2206 501 2242 1
534 2206 659 2251 rhet.;
691 2207 810 2251 longe
841 2207 918 2243 alia
949 2208 1070 2252 Eugr.
1155 2208 1179 2244 2
1208 2208 1466 2244 semirhetor.

321 2269 396 2305 578
483 2269 501 2304 1
534 2269 580 2307 cf.
609 2269 699 2306 478.
731 2269 766 2305 2.
850 2269 874 2306 2
904 2270 1046 2305 contra
1075 2270 1111 2315 3,
1141 2270 1189 2306 ef.
1222 2270 1413 2307 Thomas.
1499 2270 1577 2307 579
1606 2271 1624 2307 1
1654 2269 1757 2304 rhet.
1783 2270 1829 2304 ut
1851 2268 1941 2306 580.
1960 2269 1994 2305 1.
2020 2267 2098 2303 4α.

322 2331 399 2368 579
480 2331 502 2368 3
534 2331 579 2366 cf.
611 2331 699 2368 207.
734 2331 766 2367 1.
853 2332 930 2368 580
959 2331 983 2368 2
1011 2333 1082 2367 Ad.
1113 2332 1202 2369 681.
1288 2332 1363 2369 581
1398 2333 1416 2369 1
1449 2333 1590 2367 contra
1622 2332 1718 2366 Don.
1749 2330 1785 2367 2.

322 2395 399 2430 583
483 2393 505 2430 3
535 2394 607 2429 Ad.
639 2393 744 2431 50.2.
829 2393 853 2430 2
881 2394 986 2430 rhet.
1018 2396 1064 2430 ut
1092 2394 1181 2432 585.
1214 2394 1250 2441 2,
1280 2394 1369 2440 587,
1400 2393 1438 2439 2,
1467 2394 1559 2431 589.
1592 2393 1625 2429 1.
1648 2392 1689 2446 ,2.
1716 2393 1752 2436 3,
1776 2392 1866 2429 590.
1895 2391 1930 2437 1,
1954 2391 2044 2429 593.
2061 2390 2097 2436 2,

430 2455 519 2493 600.
550 2454 587 2491 3.

320 2518 397 2554 586
479 2526 530 2553 ex
560 2517 722 2553 scholiis
754 2517 970 2553 simillimis
1001 2519 1149 2554 retinui
1181 2519 1215 2555 1.
1301 2519 1377 2555 593
1409 2518 1428 2554 1
1460 2518 1506 2554 cf.
1535 2518 1624 2555 494.

322 2581 399 2617 596
482 2580 555 2615 Ad.
589 2579 674 2617 109.
707 2581 741 2616 1.
828 2580 901 2616 597
931 2581 955 2616 2
984 2591 1117 2625 nugae
1147 2582 1264 2617 iuxta
1293 2581 1392 2617 Don.
1427 2582 1461 2617 1.
1546 2580 1622 2617 598
1653 2579 1677 2615 2
1705 2579 1822 2615 iuxta
1850 2578 1950 2614 Don.
1984 2578 2016 2614 1.

321 2642 398 2678 605
480 2641 502 2678 3
533 2643 650 2677 iuxta
680 2641 779 2677 Don.
810 2641 845 2678 2.
928 2643 1004 2679 607
1039 2643 1057 2678 1
1091 2643 1297 2679 semirhet.
1330 2642 1487 2678 Donati.
1571 2643 1595 2678 4
1627 2652 1650 2675 (ι
1680 2641 1839 2677 notavit
1870 2641 2030 2676 Wessn.

322 2704 399 2740 609
485 2703 503 2738 1
544 2703 590 2738 cf.
630 2703 718 2740 598.
759 2703 795 2739 2.
892 2705 915 2739 4
957 2705 1032 2741 An.
1074 2705 1161 2741 254.
1192 2705 1293 2740 Eun.
1323 2705 1386 2741 97.
1418 2705 1488 2739 Ad.
1519 2704 1607 2742 729.
1636 2704 1672 2740 3.
1770 2701 1794 2738 2
1823 2703 1979 2747 pugnat
2007 2711 2097 2737 cum

427 2765 526 2801 Don.
558 2765 645 2802 608.
676 2766 713 2809 4,
744 2765 927 2801 iunctum
957 2766 1044 2810 fuit,
1078 2767 1232 2811 opinor,
1263 2776 1353 2802 cum
1382 2767 1420 2803 3.
1464 2813 1471 2820 ί

320 2828 398 2864 610
483 2826 501 2863 1
534 2827 591 2863 sio
621 2827 743 2863 etiam
776 2828 911 2873 Eugr.‚
941 2831 981 2864 et
1011 2828 1254 2865 Gronovius.
1337 2828 1361 2864 2
1386 2828 1476 2864 vide
1499 2829 1547 2863 ad
1573 2827 1662 2865 386.
1689 2827 1789 2864 Eun.
1817 2826 1903 2863 134.
1921 2825 1991 2861 Ph.
2007 2825 2096 2863 841.

427 2890 450 2927 3
494 2892 651 2935 pugnat
694 2899 785 2926 cum
828 2890 928 2926 Don.
967 2890 1002 2926 2.
1088 2891 1112 2926 4
1151 2891 1298 2936 repetit
1328 2891 1410 2927 fere
1450 2890 1489 2926 2.
1572 2889 1595 2926 5
1627 2899 1651 2924 α
1689 2888 1887 2932 magistro
1917 2887 2097 2923 additum

430 2952 477 2987 ad
516 2951 552 2987 2.
649 2951 672 2988 6
711 2951 757 2986 ef.
800 2952 873 2988 Ad.
915 2951 1004 2988 572.
1046 2951 1081 2988 2.
1122 2952 1191 2988 Ph.
1231 2952 1293 2989 62.
1335 2953 1368 2990 1.
1470 2951 1517 2989 10
1548 2952 1594 2986 de
1625 2949 1958 2995 pronuntiatione
1985 2949 2099 2984 iuxta

427 3012 526 3049 Don.
569 3013 592 3050 9
637 3014 676 3049 et
720 3013 854 3049 minus
897 3022 1060 3049 verum:
1107 3014 1242 3058 potius
1281 3013 1442 3058 querela
1480 3013 1587 3048 inest
1626 3013 1672 3048 de
1710 3011 1890 3047 moribus
1926 3009 2096 3046 diversis

427 3075 569 3110 uxoris
601 3075 780 3119 suisque,
811 3075 856 3111 cf.
887 3075 910 3112 8
940 3076 980 3111 et
1008 3075 1099 3112 611.
1133 3076 1166 3112 1.

319 3135 394 3173 612
477 3135 502 3172 2
530 3137 645 3172 iuxta
674 3136 773 3172 Don.
805 3136 838 3175 1.
920 3136 945 3171 4
975 3137 1105 3172 denuo
1135 3137 1181 3173 de
1207 3136 1540 3181 pronuntiatione
1566 3136 1680 3171 iuxta
1706 3135 1804 3171 Don.
1833 3133 1856 3171 3
1874 3135 1915 3170 et
1930 3132 2092 3170 falsum.

2185 126 2187 130 ‘
2225 153 2229 251 l

2187 363 2192 366 ’
2227 362 2231 453 l
