2242 3443
387 315 461 351 744

387 1156 461 1193 748

387 1311 462 1347 750

387 1762 460 1799 751

390 2066 464 2102 752

391 2370 466 2407 753

391 2672 466 2711 754

1249 188 1304 226 90

593 312 610 348 1
657 321 859 357 RELIQUIT
902 323 960 351 ME
1003 323 1121 351 HoMo
1166 324 1208 352 A.
1251 325 1294 352 A.
1341 315 1450 352 mire
1496 315 1777 353 hominem
1816 325 1902 354 non
1941 315 2149 355 Davum

532 388 663 436 dixit,
709 391 756 427 ut
789 390 966 428 etiamsi
1002 391 1151 428 audiat
1183 389 1412 439 Chremes,
1446 391 1659 429 incertam
1693 401 1926 439 personam
1960 392 2154 431 hominis

534 464 704 512 audiat,
750 475 834 503 non
868 465 1055 503 Davum.
1091 466 1114 503 2
1149 476 1193 503 Dr
1227 476 1428 505 VESTRAM
1459 477 1594 504 rrnEM
1628 466 1885 506 adverbium
1918 470 1987 507 est
2019 468 2151 507 admi·

534 542 674 580 rantis
709 552 807 581 cum
842 543 1184 582 exclamatione.

596 619 613 656 1
650 628 752 663 QUrn
786 628 960 657 TUREAE
994 629 1068 657 EST
1101 629 1220 658 APUD
1253 629 1400 658 FORUM
1431 619 1536 658 haec
1567 619 1699 658 verba
1725 621 1829 658 sunt
1857 620 2075 659 venientis
2101 620 2153 660 de

531 694 637 733 foro.
673 695 696 732 2
731 704 832 739 QUID
868 705 979 733 ILLIC
1013 705 1223 733 HOMINUM
1255 705 1464 734 LITIGANT
1497 695 1660 743 legitur
1693 697 1736 733 et
1770 695 1960 744 ‘litigat'.

594 772 611 808 1
649 781 738 809 TUM
771 781 956 809 ANNoNA
989 781 1106 809 CARA
1137 781 1212 809 EST
1241 771 1622 810 comminiscentis
1652 773 1720 810 est
1746 772 1892 820 potius
1918 781 2052 820 quam
2080 771 2153 811 ali·

533 847 601 886 cui
634 847 877 886 referentis.
913 848 937 885 2
972 857 1175 892 QUIDNAM
1207 858 1344 886 ALIUD
1377 858 1514 886 DrcAM
1548 848 1628 886 hoc
1661 848 1713 886 ad
1747 849 2034 896 spectatores.

593 926 612 962 1
644 935 727 963 ουκ
753 935 804 963 TE
832 935 1020 963 oESEch
1048 935 1107 962 ME
1132 935 1206 963 Hic
1234 935 1377 964 SOLAM
1406 922 1681 974 ἀποσιώπησις
1708 925 1853 963 tertia.
1883 925 1907 962 2
1927 934 2021 963 HEM
2039 934 2155 970 QUAE

532 1011 649 1039 HAEc
691 1011 766 1039 EST
808 1011 986 1040 FABULA
1029 1000 1227 1040 fabulam
1269 1011 1316 1039 se
1349 1001 1455 1040 dicit
1486 1001 1655 1049 audire,
1690 1000 1762 1048 qui
1794 1000 1858 1039 rei
1890 1001 2154 1049 principium

534 1078 839 1124 rationemque
873 1078 1060 1124 ignorat.

588 1162 673 1191 Erro
705 1162 836 1190 MYSIS
879 1152 987 1191 ‘eho’
1030 1152 1278 1191 interiectio
1311 1153 1378 1191 est
1411 1152 1479 1191 vel
1514 1151 1777 1201 principium
1809 1152 2152 1192 animadversio-

534 1239 634 1267 nem
666 1228 710 1266 in
742 1239 790 1267 se
824 1229 1045 1276 poscentis
1077 1230 1154 1267 aut
1186 1230 1367 1277 repente
1401 1229 1634 1267 cernentis.

594 1306 613 1343 1
650 1314 724 1350 QUI
756 1315 831 1343 Hic
863 1314 1069 1343 NEMINEM
1101 1315 1144 1343 A.
1174 1315 1213 1344 v.
1243 1305 1402 1344 callide
1429 1304 1621 1343 affirmat
1647 1314 1734 1343 non
1761 1303 1845 1343 sibi
1862 1304 2009 1343 visum
2028 1303 2153 1343 Chre-

534 1392 670 1429 mem,
716 1391 814 1419 cum
858 1387 901 1419 et
944 1381 1210 1429 praeviderit
1249 1381 1503 1420 venientem
1546 1383 1590 1420 et
1621 1382 1899 1429 praesentem
1932 1380 2094 1420 videat.
2129 1380 2153 1418 2

533 1467 669 1496 MraoE
699 1467 816 1496 UNDE
849 1467 915 1495 SIT
951 1455 1115 1496 ‘miror’
1148 1459 1323 1496 veteres
1356 1460 1411 1502 (α)
1444 1467 1521 1506 pro
1559 1457 1752 1496 nescio
1780 1456 2022 1506 ponebant,
2050 1465 2154 1494 nam

526 1534 759 1573 admiratio
793 1533 844 1572 ab
878 1534 1127 1581 ignorantia
1159 1533 1408 1573 descendit:
1439 1533 1624 1572 Plautus
1653 1533 1844 1589 ‘nequis
1871 1533 2056 1572 miretur
2083 1532 2157 1581 qui

533 1611 636 1659 Sim,
671 1609 822 1659 paucis
855 1609 1048 1657 eloquar’
1082 1609 1195 1653 (Aul.
1227 1609 1335 1658 prol.
1374 1610 1425 1654 1).

707 1694 730 1718 (ι
758 1693 849 1720 cum
879 1683 1025 1719 ‘unde'.

597 1759 614 1795 1
657 1767 719 1795 AU
760 1755 1006 1795 interiectio
1049 1757 1116 1794 est
1148 1757 1458 1795 consternatae
1491 1755 1705 1794 mulieris.
1740 1756 1764 1793 2
1798 1765 1990 1795 CONCEDE
2021 1766 2082 1795 AD
2113 1766 2154 1795 D.

533 1833 641 1872 bene
683 1832 751 1871 ‘ad
793 1833 1061 1871 dexteram’:
1107 1832 1291 1871 sinistra
1333 1833 1451 1870 enim
1497 1832 1616 1870 venit
1661 1831 1893 1880 Chremes;
1937 1832 1962 1871 3
1997 1833 2041 1871 et
2071 1841 2159 1870 non

537 1909 630 1948 vult
661 1908 914 1957 proximum
949 1908 987 1946 ei
1016 1907 1316 1960 Chremetem,
1346 1908 1422 1946 sed
1451 1908 1601 1956 iuxta;
1630 1917 1763 1956 supra
1789 1908 1908 1947 enim
1936 1907 2048 1947 dixit
2067 1906 2159 1956 ‘ego

535 1995 707 2033 quoque
741 1984 843 2022 hinc
877 1984 928 2022 ab
963 1984 1146 2022 dextera
1178 1994 1218 2023 u.
1253 1994 1312 2023 m.
1347 1979 1398 2023 a.'
1434 1987 1491 2026 (V.
1526 1983 1640 2023 734).

599 2063 618 2099 1
664 2070 849 2099 DELIRAS
893 2070 979 2098 NON
1022 2070 1132 2098 TUTE
1175 2070 1268 2098 IPSE
1308 2060 1431 2098 deest
1473 2059 1589 2098 ‘eum
1624 2059 1734 2098 mihi
1768 2059 1974 2098 dedisti?’
2007 2060 2084 2098 sed
2116 2062 2159 2099 et

533 2147 665 2185 supra
698 2139 741 2175 et
773 2146 888 2175 nunc
920 2136 1187 2175 interturbat
1219 2135 1387 2184 Davus,
1417 2145 1471 2174 ne
1499 2135 1661 2173 mulier
1687 2136 1832 2174 totum
1859 2135 1991 2174 dicat.
2021 2135 2046 2174 2
2072 2145 2159 2175 Non

536 2224 646 2252 TUTE
679 2223 773 2251 IPSE
806 2212 1050 2251 summissa
1085 2222 1203 2252 voce.
1238 2213 1262 2250 3
1297 2221 1478 2250 VERBUM
1510 2220 1550 2248 SI
1582 2221 1684 2248 MIHI
1716 2220 1844 2249 UNUM
1879 2211 2160 2250 accomodate

533 2290 830 2328 comminatur
862 2287 1036 2327 Davus:
1072 2297 1210 2336 paene
1245 2288 1363 2326 enim
1397 2287 1533 2335 Mysis
1566 2286 1777 2325 universa
1809 2286 2029 2326 narrabat.

599 2365 618 2402 1
654 2374 912 2403 PRAETEREA
946 2374 1069 2409 QUAM
1104 2375 1216 2410 QUOD
1249 2375 1302 2402 TE
1334 2373 1444 2402 Boeo
1477 2364 1557 2402 hoc
1590 2365 1634 2402 et
1667 2363 1835 2402 sensim
1868 2364 1914 2402 et
1943 2365 1993 2402 ut
2023 2373 2159 2403 senex

537 2441 686 2479 audiat
718 2442 992 2490 pronuntiari
1025 2445 1195 2490 potest:
1231 2442 1421 2491 ‘praeter
1452 2451 1585 2489 quam
1619 2440 1733 2488 quod
1761 2442 1803 2480 te
1832 2440 1964 2489 rogo’.
1995 2440 2019 2478 2
2048 2450 2160 2478 cAVE

536 2519 664 2565 gestu
698 2517 997 2556 comminatus
1029 2522 1097 2557 est
1130 2521 1174 2557 et
1202 2519 1327 2557 vultu
1355 2519 1404 2556 ut
1430 2517 1717 2565 suspenderet
1743 2516 2158 2563 comminationem;

536 2592 691 2632 deinde
724 2593 857 2631 infert
890 2596 1083 2642 gestum.
1118 2595 1142 2633 3
1179 2594 1317 2634 Ordo:
1352 2603 1460 2633 cave
1492 2592 1624 2632 faxis.
1894 2632 1897 2636 ,

595 2669 619 2707 2
652 2678 887 2707 MALEmcrs
914 2679 1025 2707 nove
1045 2668 1301 2708 ‘maledicis’
1321 2679 1396 2717 pro
1414 2667 1761 2707 comminatione
1778 2668 1942 2718 posuit,
1962 2677 2061 2706 cum
2083 2676 2160 2716 pro

539 2744 734 2784 convicio
760 2745 864 2793 poni
895 2745 1056 2798 soleat,
1081 2745 1167 2783 nisi
1185 2745 1297 2784 forte
1315 2745 1416 2793 quia
1434 2743 1727 2783 contumeliae
1744 2753 1884 2792 genus
1900 2745 1970 2783 est
1985 2741 2161 2782 commi-

540 2821 683 2868 natio;
712 2821 737 2859 3
764 2819 943 2868 quidam
961 2821 1119 2868 putant
1137 2831 1235 2860 esse
1254 2831 1388 2859 unam
1407 2828 1660 2868 personam,
1679 2818 1789 2858 Davi
1805 2818 1975 2858 scilicet
1991 2818 2159 2857 dictum

539 2898 740 2946 superius
768 2896 924 2944 Mysidi
952 2907 1036 2934 non
1069 2898 1178 2935 satis
1208 2897 1495 2936 manifestum
1513 2894 1690 2934 Chremi
1705 2895 1750 2934 in
1767 2892 2160 2934 maledictisimili-

541 2973 738 3012 tudinem
773 2972 1026 3012 derivantis.
1061 2975 1085 3011 4
1117 2975 1249 3019 [UNDE
1272 2984 1348 3012 EST
1375 2982 1444 3011 mc
1472 2973 1627 3017 CLARE]
1651 2966 1678 3017 ¹)
1705 2971 1786 3010 hoc
1813 2969 2009 3020 pressius
2033 2969 2160 3008 dixit.

442 3085 464 3128 ¹)
490 3084 680 3120 scholium
706 3083 869 3129 pertinet
894 3082 942 3118 ad
968 3095 1003 3117 v.
1029 3084 1327 3128 praecedentem.
