2242 3443
313 357 357 393 51

310 1217 360 1252 53

310 1415 360 1452 54

308 1776 359 1813 55

1182 231 1231 267 10

493 354 508 391 1
547 363 640 392 ΝΛΜ
677 365 712 392 ιε
746 364 971 399 POSTQUAM
1005 364 1206 392 excessu*
1240 354 1487 393 necessario
1520 355 1713 403 positum
1747 354 1784 392 is
1817 363 2078 402 pronomen,

429 428 614 479 ἀναφορᾷ
656 430 707 468 ad
752 431 855 469 illud
901 431 1034 478 ‘gnati
1077 431 1243 468 vltam’.
1278 432 1333 474 (α)
1358 430 1381 468 3
1416 439 1512 468 NAM
1545 441 1584 468 1s
1612 439 1843 475 POSTQUAM
1875 439 2078 468 excussu·

429 515 483 542 ax
528 515 714 543 EPHEBIS
754 506 989 555 ephebia
1033 506 1174 554 prima
1218 507 1342 544 aetas
1384 505 1707 545 adolescentiae
1750 507 1832 544 est.
1865 507 1919 550 (a)
1952 506 1977 543 4
2006 515 2077 543 Ex-

429 591 568 619 ozssrr
602 591 658 619 ax
692 592 728 619 E.
762 592 861 620 cum
895 580 1116 620 sufficeret
1149 592 1284 620 unum
1322 581 1419 620 ‘ex’.

605 656 621 690 1
664 666 686 688 ιι
726 666 817 690 nam
852 657 881 689 si
925 666 1001 691 non
1043 656 1250 700 posuisset
1291 655 1364 692 hoc
1394 665 1637 701 pronomen,
1668 655 1785 692 Sosia
1813 657 1901 692 erat
1928 655 2077 691 intelle-

547 710 715 751 gendus.
757 714 776 744 2
816 719 898 745 Nm
939 720 974 745 is
1012 720 1045 745 P.
1089 721 1121 745 a.
1162 721 1196 745 a.
1236 720 1269 745 Ε.
1306 712 1550 753 argumenta
1579 720 1652 756 per
1682 711 1967 747 coniecturam.
2003 709 2025 746 3
2055 720 2081 745 a

546 763 906 799 adolescentia
937 766 999 800 est
1029 767 1212 800 extrema
1241 764 1426 809 pueritia.

489 852 504 888 1
527 860 738 899 nummus,
759 851 948 901 liberius,
970 862 1053 890 non
1072 854 1138 890 est
1158 852 1487 901 comparativus
1504 852 1687 901 gradus:
1707 862 1790 891 non
1811 851 1927 890 enim
1945 851 2078 890 libere

427 930 527 966 aute
586 928 732 966 vivere
790 929 932 976 potuit
980 928 1097 966 ‘dum
1144 929 1270 967 aetas
1319 929 1466 967 metus
1513 928 1727 976 magister
1774 927 2077 977 prohibebant’

428 1006 483 1045 (v.
532 1004 616 1048 54).
651 1007 704 1048 (α)

609 1079 623 1112 1
659 1088 682 1111 α
711 1088 806 1121 ergo
837 1079 951 1113 deest
980 1078 1225 1123 ‘aliquanto’,
1250 1079 1296 1114 ut
1325 1078 1380 1114 sit
1409 1078 1615 1122 aliquanto
1641 1078 1817 1114 liberius.
1845 1079 1867 1113 2
1889 1086 2076 1114 meamus

548 1132 709 1166 vivimm
740 1133 853 1167 deest
883 1132 955 1167 ‘ei’.

608 1215 630 1237 *
669 1227 735 1259 qm
763 1228 873 1253 seme
901 1228 1041 1254 Posses
1071 1228 1151 1254 AUT
1181 1228 1385 1254 INGENIUM
1415 1217 1717 1265 <ΝοεοΕΒΕ>
1749 1218 1940 1254 scimus
1969 1218 2075 1262 quod

545 1274 698 1307 certum
737 1275 815 1313 est.
859 1273 1119 1308 nesciinus
1164 1283 1265 1316 quae
1304 1273 1433 1309 adhuc
1466 1275 1620 1309 incerta
1648 1273 1941 1317 desideramus,
1970 1272 2074 1308 idem

550 1325 688 1361 ‘forma
724 1325 762 1360 in
802 1326 978 1362 tenebris
1011 1327 1121 1362 nosci
1152 1336 1231 1362 non
1265 1327 1381 1373 quita
1410 1328 1500 1363 est.'
1530 1327 1627 1369 (Hec
1657 1327 1763 1368 572),

494 1414 509 1450 1
531 1423 623 1451 DUM
640 1424 781 1452 AETAS
798 1425 939 1453 METUS
956 1424 1175 1453 MAers‘rssR
1193 1425 1501 1454 PROHIBEBANT
1519 1415 1696 1463 quidam
1709 1416 1898 1463 iungunt
1913 1412 2076 1453 ‘metus

428 1489 665 1537 magister’,
700 1490 737 1527 is
770 1500 939 1538 quoque
967 1487 1012 1537 ¹);
1048 1494 1101 1536 (α)
1131 1492 1155 1529 2
1183 1501 1406 1530 MAeisTER
1437 1491 1730 1540 paedagogus.
1758 1492 1783 1530 3
1807 1502 1882 1530 ITA
1907 1501 1984 1530 Esr
2015 1491 2074 1530 in-

426 1564 596 1603 tercidit
627 1568 772 1614 poeta,
808 1576 859 1604 ne
893 1566 1014 1604 solus
1047 1567 1167 1606 Simo
1195 1567 1456 1615 loqueretur.
1485 1570 1540 1613 (a)

604 1639 620 1673 1
653 1651 674 1672 1ι
704 1642 838 1683 potest
861 1640 967 1675 enim
993 1640 1189 1686 intellegi,
1216 1642 1424 1686 tamquam
1450 1641 1484 1677 si
1508 1642 1678 1678 diceret:
1703 1642 1796 1686 quid
1821 1643 1885 1678 est
1909 1643 2074 1679 metus?

546 1693 752 1735 magister.
792 1694 814 1729 3
850 1705 874 1728 α
910 1698 1088 1731 ceterum
1127 1705 1208 1732 non
1246 1699 1334 1732 erat
1371 1696 1639 1741 respondendi
1666 1696 1779 1732 locus
1808 1698 2075 1733 necessarius.

491 1781 509 1817 1
546 1788 658 1824 QUOD
691 1791 900 1827 PLERIQUE
935 1794 970 1822 o.
1005 1795 1042 1822 F.
1077 1795 1119 1822 A.
1154 1785 1262 1822 haec
1293 1784 1479 1823 adiectio
1506 1785 1668 1823 dicitur
1693 1785 1737 1823 in
1763 1784 1904 1834 primo
1931 1785 2076 1834 posita

425 1854 536 1903 loco,
572 1860 626 1900 (a)
660 1859 704 1894 et
737 1857 840 1895 alibi
863 1855 892 1902 ²)
928 1859 1030 1897 ‘iarn
1060 1860 1251 1899 calesces
1278 1860 1377 1909 plus
1405 1860 1530 1899 satis’
1557 1860 1680 1905 (Eun.
1709 1861 1795 1909 85);
1823 1862 1873 1900 in‘
1895 1861 2072 1911 ultimo,

423 1931 538 1969 sicut
587 1932 767 1971 ‘interea
812 1933 908 1972 loci'
958 1935 1078 1979 (Eun.
1126 1936 1223 1977 126.
1267 1936 1424 1976 Heaut.
1471 1937 1583 1982 257).
1643 1936 1694 1982 (b)
1738 1937 1763 1975 2
1795 1937 2073 1978 Attendenda

426 2007 559 2044 etiam
602 2007 762 2047 locutio
806 2007 932 2056 ‘quod
976 2011 1168 2059 plerique
1211 2022 1366 2050 omnes
1407 2012 1436 2050 f.
1481 2013 1549 2061 a.',
1593 2013 1669 2051 aut
1704 2013 1821 2052 enim
1853 2012 1994 2061 ‘quod’
2027 2013 2072 2052 in

425 2079 558 2130 ‘quae'
618 2085 879 2124 vertendum
937 2089 1023 2136 est,
1077 2090 1121 2126 ut
1167 2088 1248 2127 sit·
1299 2099 1409 2137 quae
1456 2088 1652 2138 plerique
1705 2098 1859 2128 omnes
1905 2089 2074 2128 faciunt

426 2159 764 2209 adulescentuli,
808 2163 884 2199 aut-
929 2163 1068 2210 ‘quod’
1114 2164 1166 2202 ad
1204 2164 1427 2212 singulare
1460 2175 1612 2203 eorum
1647 2165 1893 2204 studiorum
1925 2165 2072 2204 adiun-

425 2235 612 2283 gendum
657 2236 761 2274 erit:
808 2246 939 2285 equos
979 2239 1113 2288 alere,
1158 2250 1288 2279 canes
1330 2241 1383 2280 ad
1425 2241 1699 2289 venandum;
1734 2242 1811 2280 aut
1842 2241 1926 2280 erit
1956 2241 2072 2281 certe

423 2309 610 2359 figurata
636 2311 818 2361 locutiO,
849 2316 895 2351 ut
923 2319 990 2352 est
1018 2315 1124 2354 illud
1156 2315 1206 2354 ‘si
1233 2317 1466 2365 quisquam
1496 2319 1580 2366 est,
1610 2318 1685 2365 qui
1709 2317 1880 2366 placere
1896 2317 2074 2356 studeat

425 2386 550 2425 bonis
596 2396 726 2434 quam
769 2387 967 2436 pluribus
1011 2394 1052 2428 et
1094 2392 1278 2431 minime
1320 2393 1487 2432 multos
1528 2392 1720 2442 laedere,
1763 2393 1808 2431 in
1849 2393 1919 2432 his
1953 2404 1993 2443 p.
2027 2393 2070 2434 h.

426 2471 467 2500 n.
511 2472 550 2510 p.
592 2463 641 2500 s.‘
685 2462 806 2506 (Eun.
855 2465 950 2510 159)
985 2468 1026 2504 θῖ
1061 2466 1163 2505 alibi
1191 2463 1372 2516 ‘aperite
1405 2478 1443 2507 a.
1479 2478 1517 2507 a.
1551 2469 1604 2508 0.'
1637 2466 1733 2517 (Ad.
1767 2470 1883 2515 634).
1917 2469 1942 2508 3
1975 2479 2069 2508 PLE-

425 2546 556 2582 RIQUE
596 2547 737 2575 omues
770 2537 982 2588 ἀρχαϊσμὸς
1016 2544 1084 2580 θεῖ
1116 2546 1195 2587 (a):
1230 2543 1422 2583 Naevius
1455 2544 1499 2583 in
1531 2544 1647 2583 bello
1680 2545 1842 2584 Punico
1861 2544 2072 2595 {plerique

425 2623 579 2652 omnes
623 2614 885 2662 subiguntur
928 2617 1007 2655 sub
1051 2629 1187 2658 unum
1221 2621 1446 2659 iudicium’
1481 2621 1546 2666 (fr.
1580 2621 1663 2660 inc.
1699 2622 1752 2660 14
1785 2620 1868 2666 M.).
1893 2622 1928 2660 ·6
1960 2631 2068 2660 ADU-

422 2698 684 2728 Lnscnn'run
727 2690 834 2729 bene
867 2692 1145 2743 diminutive,
1183 2697 1228 2733 ut
1261 2703 1437 2744 propter
1469 2697 1663 2736 aetatem
1694 2696 1822 2735 facile
1853 2696 2068 2745 ignoscat.

602 2763 619 2799 1
661 2774 685 2799 α
723 2765 966 2803 adiectiones
1005 2778 1097 2804 vero
1136 2770 1205 2805 aut
1241 2770 1280 2805 in
1317 2770 1447 2814 prima
1479 2773 1594 2816 parte
1625 2769 1819 2807 orationis
1848 2771 1918 2807 aut
1945 2770 1985 2807 in
2014 2771 2068 2806 ul-

544 2818 644 2852 tima
681 2817 925 2863 adiciuntur;
970 2820 1031 2857 hic
1069 2831 1164 2866 ergo
1203 2823 1405 2868 ‘plerique’
1445 2835 1496 2860 ex
1527 2825 1748 2861 abundanti
1776 2824 1955 2869 positum
1983 2825 2066 2870 est,

545 2872 715 2907 ‘omnes'
758 2882 853 2908 vero
892 2876 1121 2912 necessario
1163 2878 1358 2914 additum.
1402 2879 1422 2913 b
1462 2879 1499 2913 id
1539 2882 1604 2915 est
1645 2878 1820 2915 interim.
1862 2879 1884 2914 3
1919 2889 1943 2912 a
1969 2887 2066 2914 nam

541 2926 653 2961 errat
701 2926 767 2968 qui
819 2926 1021 2971 ‘plerique’
1068 2930 1251 2972 παρέλκον
1301 2931 1499 2976 intellegit
1549 2934 1620 2969 aut
1662 2933 1730 2977 qui
1775 2931 2067 2976 subdistinguit

355 3048 378 3090 ¹)
406 3047 498 3082 Vide
523 3046 610 3082 adn.

350 3100 375 3143 2)
403 3099 550 3135 Wessn.
573 3099 732 3135 correxit
759 3102 821 3135 ‘ut
845 3100 959 3137 alihi'.
