2242 3443
1199 191 1280 229 198

358 323 431 359 788
566 319 580 355 1
630 327 765 356 Minoa
808 328 881 356 UBI
917 327 996 356 seo
1033 327 1137 356 rmrc
1170 326 1508 355 ANTEVERTERIM
1542 315 1642 355 ‘ubi'
1672 315 1715 354 in
1743 325 1829 364 qua
1856 317 1979 364 parte
2007 316 2116 357 viae.

505 395 528 431 2
564 403 670 431 nuic
701 404 744 431 A.
779 393 891 432 hanc
923 393 1257 442 praecesserim.

1213 577 1253 617 6.

356 754 431 790 789
565 751 582 787 1
629 759 764 788 canno
807 757 1000 793 nooman
1043 757 1178 785 ILLUM
1223 757 1303 785 IAM
1345 756 1619 785 ADFUTURUM
1663 746 1804 793 vides,
1848 748 1895 786 ut
1928 757 1982 786 ex
2015 747 2121 796 ipsis

505 828 684 874 apparet
728 824 891 872 verbiS,
934 833 1066 872 quam
1101 823 1273 862 concita
1306 824 1350 862 et
1380 832 1533 861 recens
1565 832 1590 861 a
1621 822 1760 871 litigio
1792 822 1925 862 Thais
1952 823 2122 872 veniat;

503 902 652 949 itaque
679 911 759 939 nec
787 900 986 938 nominat
1012 899 1200 938 militem
1229 901 1305 937 aut
1335 899 1573 947 virginem,
1592 898 1667 937 sed
1685 899 1941 947 pronomine
1958 901 2122 939 utrum-

504 988 587 1025 que
631 975 848 1025 signifieat
888 976 1013 1024 quasi
1046 976 1089 1014 in
1123 975 1266 1014 medio
1299 975 1541 1014 constituta
1573 971 1762 1022 negotio.
1794 975 1818 1013 2
1851 985 2122 1015 ADFUTURUM

505 1063 605 1092 ESSE
648 1063 748 1092 cum
774 1049 800 1093 1)
844 1052 931 1091 vidi
974 1052 1290 1100 adventurum,
1334 1052 1383 1090 ut
1427 1048 1581 1091 ‘adfuit
1623 1053 1667 1090 et
1704 1051 1970 1091 Mnestheus’
2001 1051 2124 1098 (Aen.
2175 1070 2180 1074 ⁴

510 1131 576 1169 10.
615 1125 728 1171 143).
764 1129 788 1167 3
822 1139 920 1168 snm
954 1139 1116 1167 VENIAT
1152 1128 1221 1166 cui
1255 1128 1360 1167 dicit
1389 1122 1545 1166 ‘sine’‘?
1573 1126 1682 1166 nulli
1707 1128 1784 1167 sed
1812 1128 2123 1168 comminantis

505 1208 592 1255 est,
626 1207 674 1244 ut
706 1205 816 1244 ‘sine
851 1205 995 1244 modo’
1029 1211 1084 1249 (v.
1119 1205 1203 1247 65).

360 1287 435 1323 740
568 1283 586 1321 1
622 1291 766 1327 AerJE
800 1292 837 1320 SI
871 1291 1007 1320 ILLAM
1035 1291 1240 1319 merrcmo
1267 1290 1500 1318 Armenium
1528 1290 1615 1320 UNO
1643 1281 1779 1320 moris
1805 1280 1995 1329 <est>
2012 1291 2121 1321 com-

507 1358 772 1397 minantium
816 1358 870 1397 ad
913 1358 1121 1406 exiguum
1165 1367 1373 1396 revocare
1416 1357 1676 1406 commissa,
1720 1367 1829 1405 quae
1871 1367 1918 1397 se
1960 1357 2127 1398 ulturos

506 1435 769 1483 praedicent.
812 1434 837 1472 2
880 1444 1005 1473 ocum
1047 1443 1159 1472 1L1co
1193 1443 1494 1472 EFFomEN‘rUR
1526 1435 1570 1472 et
1601 1433 1816 1473 femineae
1847 1433 1993 1473 minae
2023 1436 2127 1474 sunt

507 1513 550 1550 et
581 1512 624 1549 in
656 1510 914 1549 libidinosos
946 1520 1077 1558 quam
1106 1510 1320 1559 maxime,
1350 1510 1405 1554 (α)
1433 1509 1497 1548 sic
1524 1511 1568 1549 et
1595 1506 1696 1548 alibi
1725 1509 1788 1549 ‘ut
1814 1520 1893 1560 ego
1918 1510 1982 1550 illi
1999 1511 2124 1551 facile

506 1588 550 1626 in
582 1587 732 1626 oculos
763 1586 958 1625 involem
993 1584 1185 1625 venefico
1201 1582 1226 1625 l’
1259 1590 1313 1630 (v.
1350 1586 1474 1634 648);
1508 1587 1553 1625 in
1580 1586 1729 1626 oculos
1756 1588 1904 1626 autem
1931 1587 2127 1627 maxime

507 1663 678 1703 saevire
721 1662 909 1702 feminas
951 1664 994 1702 et
1033 1663 1285 1711 tragoediae
1328 1663 1416 1702 fere
1453 1664 1497 1701 et
1529 1663 1782 1703 comoediae
1813 1665 2126 1713 protestantur.

680 1739 702 1773 2
732 1748 757 1773 a
786 1747 880 1774 nam
910 1737 1017 1773 hunc
1046 1738 1268 1773 amatorem
1298 1746 1389 1773 esse
1417 1737 1648 1782 suspicatur
1679 1737 1861 1782 virginis.

362 1815 433 1851 741
567 1810 590 1848 2
625 1809 674 1848 Et
707 1810 793 1849 cito
826 1809 1035 1858 ostendit,
1070 1818 1182 1856 quae
1214 1809 1271 1847 sit
1307 1809 1502 1848 amicitia
1534 1809 1713 1850 militis:
1743 1809 1959 1859 ‘ineptias'
1986 1809 2127 1859 inquit

508 1888 553 1924 et
585 1884 837 1934 ‘magnifica
869 1885 1030 1925 verba’.
1828 1872 1831 1873 ⁷

686 1961 703 1995 1
737 1969 867 2002 usone
894 1969 999 1996 ADEo
1030 1969 1104 1996 neo
1132 1969 1263 1996 ILLIUS
1292 1969 1420 1996 FERRE
1449 1970 1605 1997 POSSUM
1628 1970 1814 1998 marrus
1838 1971 1886 1997 nr
1908 1970 2126 1998 nemum

631 2024 764 2050 VERBA
803 2023 883 2050 non
923 2014 1023 2050 dixit
1063 2015 1202 2058 ‘usque
1238 2015 1337 2050 adeo
1374 2014 1487 2051 illum
1517 2024 1688 2060 possum
1716 2015 1880 2060 amare',
1910 2016 1978 2052 sed
2007 2025 2126 2060 quam

628 2068 811 2104 insuavis
840 2069 919 2104 iam
949 2069 1014 2103 diu
1044 2069 1114 2111 sit,
1146 2068 1326 2105 ostendit
1355 2069 1521 2105 dicendo
1551 2069 1668 2106 ‘ferre
1697 2071 1892 2115 possum'.

365 2146 436 2182 742
573 2142 592 2178 1
628 2150 770 2179 VERBA
805 2150 899 2178 DUM
928 2149 1024 2178 snm·
1052 2140 1133 2179 hoc
1160 2141 1251 2180 est:
1280 2150 1391 2188 quae
1419 2142 1508 2180 vim
1537 2152 1624 2180 non
1651 2142 1941 2181 admisceant.
1969 2141 1994 2180 2
2013 2150 2127 2187 QUAE

511 2227 549 2255 ει
581 2227 640 2255 ΑΒ
676 2226 765 2254 REM
797 2226 1111 2254 CONFERENTUR
1137 2226 1388 2255 VAPULABIT
1416 2217 1454 2255 si
1482 2217 1735 2257 discesserit
1761 2228 1786 2257 a
1812 2217 1957 2257 verbis
1973 2219 2019 2257 et
2034 2227 2125 2257 rem

511 2293 699 2341 experiri
732 2292 872 2342 volet,
905 2292 1143 2342 vapulabit.

684 2367 705 2403 3
737 2367 785 2403 Et
813 2367 918 2403 bona
943 2367 1108 2413 locutio,
1134 2369 1179 2403 ut
1204 2369 1238 2403 si
1262 2368 1390 2404 dicas:
1417 2368 1538 2405 verba
1563 2369 1610 2404 ad
1634 2377 1719 2405 rem
1743 2368 1932 2415 contulit,
1955 2368 2031 2406 hoc
2044 2368 2126 2405 est:

628 2431 748 2466 agere
776 2421 881 2465 quod
911 2421 1065 2457 dicebat
1093 2431 1313 2466 aggressus
1341 2425 1416 2458 est.

366 2498 440 2535 745
568 2504 627 2532 AD
674 2504 733 2532 mn
781 2503 883 2538 omn
924 2502 1055 2538 QUAsr
1097 2504 1219 2533 rsruc
1262 2495 1306 2533 et
1345 2494 1538 2533 rusticus
1581 2495 1624 2533 et
1663 2493 1850 2534 timidus
1888 2495 1933 2534 et
1962 2493 2128 2544 pudens
2194 2484 2197 2557 J

511 2571 760 2610 commotus
792 2571 859 2608 est
891 2570 1196 2610 meretriculae
1226 2569 1355 2610 dicto.

366 2651 441 2688 746
573 2648 592 2685 1
624 2656 741 2685 HAEC
766 2654 910 2690 ATQUE
938 2656 1183 2684 HUIUSMODI
1213 2656 1300 2685 SUM
1328 2656 1466 2684 PASSA
1487 2656 1638 2685 MULTA
1656 2646 1843 2686 facunde
1857 2632 2072 2686 meretrix
2086 2645 2129 2684 et
2193 2667 2195 2680 1

506 2723 615 2762 haec
655 2723 847 2771 imputat
888 2722 1162 2761 adulescenti
1203 2732 1314 2771 quae
1356 2722 1467 2761 vidit
1508 2724 1550 2761 et
1582 2723 1668 2762 alia
1698 2722 1856 2770 quibus
1887 2731 1974 2761 non
2005 2721 2129 2760 inter·
2192 2739 2193 2753 ι

513 2800 609 2838 fuit.
656 2800 679 2837 2
726 2808 923 2837 REDDERE
955 2809 1010 2837 Ac
1046 2808 1311 2838 ansrrrUERr:
1343 2799 1513 2847 proprie
1546 2799 1804 2838 redditur
1835 2796 2126 2848 cupientibus,
2190 2849 2191 2854 1

514 2877 563 2914 ut
604 2875 780 2914 domino
822 2884 996 2923 servus,
1041 2874 1380 2913 restituitur
1412 2874 1611 2923 cupiens,
1644 2876 1694 2913 ut
1724 2874 1894 2923 patriae
1926 2873 2052 2922 civis,
2085 2871 2128 2910 et
2190 2857 2191 2894 Ῑ

416 3077 438 3119 ¹)
466 3075 616 3110 Wessn.
641 3087 731 3109 corr.
759 3074 879 3109 ‘eum’.
