2242 3443
388 264 412 292 ll
1138 258 1391 286 PRAEFATIO.

504 377 619 425 Quod
649 379 797 414 autem
827 376 904 413 hoc
933 374 1176 421 negotium,
1208 373 1347 421 primo
1375 374 1554 421 aspectu
1583 382 1688 411 sane
1718 371 1932 411 lubricum
1963 373 2007 410 et
2024 372 2150 411 valde

386 463 560 500 anceps,
608 451 873 490 confidenter
921 449 973 487 ad
1021 447 1154 487 finem
1204 448 1441 496 perducere
1484 457 1618 487 ausus
1659 458 1778 497 sum,
1822 448 2015 496 primum
2050 447 2154 487 fecit

386 527 712 566 Sabbadinii
756 525 1027 576 exemplum,
1068 533 1256 571 quocum
1292 524 1334 562 in
1362 523 1662 563 discernendis
1689 523 1883 563 Eunuchi
1912 523 2091 563 scholiis
2113 519 2154 572 ¹),

384 605 492 642 alias
526 607 673 642 tamen
707 607 836 649 atque
870 601 939 639 ille
972 600 1165 638 rationes
1192 601 1392 648 secutus,
1422 598 1677 648 plerumque
1704 599 2038 649 conveniebam,
2058 602 2154 638 tum

387 682 483 727 hoc,
526 679 638 726 quod
672 688 754 726 quo
790 677 930 725 magis
964 675 1246 724 procederem
1280 685 1330 714 eo
1364 676 1528 714 certius
1560 678 1604 715 et
1635 675 1809 715 facilius
1842 685 1945 714 vera
1977 685 2003 714 a
2033 674 2157 714 falsis

386 756 581 803 dignosci
615 764 741 803 posse
775 755 985 802 expertus
1019 761 1159 799 eram,
1194 751 1381 798 denique
1413 750 1706 790 Wessneri
1739 751 1970 800 iudicium,
2004 752 2077 798 qui
2112 751 2156 790 in

386 841 569 870 censura
601 830 698 868 libri
733 830 818 868 mei
852 829 901 867 de
934 827 1114 866 scholiis
1146 826 1343 866 Eunuchi
1377 828 1420 866 et
1453 827 1734 867 Phormionis
1756 824 1805 877 ²),
1835 837 1934 866 cum
1969 837 2019 866 ea
2044 836 2156 875 quae

387 917 618 955 posueram
651 906 702 944 de
735 905 972 944 commenti
1007 903 1173 952 origine
1211 907 1255 942 et
1291 904 1610 952 compositione
1640 904 1800 943 acriter
1830 904 2154 952 impugnasset,

387 985 437 1022 de
471 982 735 1021 scholiorum
765 982 914 1020 tamen
947 980 1161 1018 divisione
1193 979 1430 1028 benignius
1461 979 1524 1019 sic
1556 979 1771 1018 iudicavit
1805 989 1843 1028 p.
1883 979 2020 1018 1403:
2055 978 2160 1018 ‘Auf

389 1059 552 1098 diesem
596 1058 773 1097 Gebiete
814 1058 874 1095 ist
916 1056 994 1096 K.s
1027 1056 1200 1105 Arbeit,
1236 1066 1339 1105 mag
1371 1065 1476 1095 man
1508 1056 1614 1095 uber
1645 1055 1714 1094 die
1747 1055 2011 1104 Ergebnisse
2045 1056 2155 1094 auch

389 1136 449 1173 oft
489 1134 645 1172 anders
682 1133 849 1172 denken
883 1132 948 1171 als
982 1141 1045 1181 er,
1079 1141 1191 1180 ganz
1226 1131 1511 1170 entschieden
1546 1130 1881 1181 verdienstlich,
1917 1131 2003 1170 und
2035 1131 2157 1170 seine

390 1210 721 1258 Bemerkungen
767 1208 951 1257 wirken,
1002 1217 1131 1247 wenn
1180 1207 1292 1247 auch
1335 1207 1398 1246 oft
1439 1207 1561 1246 nicht
1599 1206 1921 1256 iiberzeugend,
1964 1217 2014 1246 so
2046 1207 2157 1246 doch

391 1286 644 1335 anregend';
688 1288 732 1324 et
772 1296 811 1334 p.
859 1284 994 1323 1407:
1042 1283 1158 1323 ‘dass
1199 1284 1268 1323 ich
1311 1283 1638 1332 bereitwilligst
1670 1283 1942 1329 anerRenne,
1977 1293 2071 1322 was
2103 1282 2155 1322 K.

389 1365 431 1402 in
466 1363 540 1402 der
570 1361 902 1409 Einzelanalyse
934 1361 1008 1400 der
1042 1360 1239 1400 scholien
1272 1370 1349 1400 zur
1382 1361 1634 1410 Forderung
1660 1361 1737 1400 des
1764 1359 2161 1409 Donatsproblems

392 1440 667 1488 beigetragen
699 1438 804 1477 hat.’

509 1515 628 1564 Quod
676 1518 824 1554 autem
872 1513 1212 1553 Wessnerus
1259 1515 1559 1554 coniecturam
1607 1524 1755 1553 meam
1802 1512 1893 1552 illic
1938 1512 2156 1562 prolatam

393 1596 446 1641 (p.
484 1592 535 1630 10
568 1594 611 1631 et
645 1592 698 1629 24
733 1593 812 1638 sq.)
845 1590 897 1629 de
930 1590 1173 1629 commenti
1205 1590 1404 1629 hodierni
1437 1590 1606 1639 origine
1639 1592 1683 1629 et
1710 1589 2049 1639 compositione,
2076 1588 2160 1628 hoc
2234 1600 2238 1603 ·

393 1668 559 1707 scilicet
590 1667 735 1706 deberi
767 1667 843 1705 uni
875 1666 1061 1715 homini,
1096 1667 1169 1714 qui
1201 1666 1415 1715 pristinos
1445 1665 1605 1705 Donati
1629 1666 1974 1705 commentarios
2000 1666 2158 1705 retrac-

394 1745 554 1783 taverit
598 1744 775 1791 suisque
822 1744 866 1782 et
907 1742 1094 1782 aliorum
1137 1741 1498 1782 adnotationibus
1537 1738 1828 1792 interpolatos
1861 1751 1936 1791 pro
1968 1741 2160 1791 genuino

394 1820 504 1859 Aelii
548 1830 674 1868 opere
706 1820 846 1858 denuo
879 1819 1081 1868 ediderit,
1115 1819 1226 1867 quod
1261 1818 1396 1867 igitur
1429 1817 1502 1858 ille
1532 1818 1644 1858 hanc
1675 1819 1974 1858 coniecturam
2005 1816 2163 1856 multis

394 1896 634 1944 validisque
665 1895 939 1944 argumentis
972 1895 1240 1935 reiciendam
1272 1905 1370 1935 esse
1403 1895 1749 1944 demonstravit,
1783 1888 1933 1933 fateor
1952 1902 2037 1942 me,
2063 1894 2163 1942 post

394 1973 510 2011 illius
541 1972 830 2021 aliorumque,
865 1972 1134 2011 nostratium
1162 1972 1314 2021 etiam,
1344 1971 1758 2011 animadversiones
1785 1979 1996 2018 measque
2021 1969 2161 2018 ipsius

397 2058 522 2087 curas
562 2048 846 2097 recentiores,
881 2048 994 2087 hanc
1025 2048 1279 2097 opinionem
1312 2047 1356 2086 in
1390 2057 1600 2097 praesens
1634 2046 1865 2095 abiecisse,
1898 2055 2040 2094 neque
2071 2044 2162 2084 ulla

397 2124 489 2163 eius
532 2125 719 2173 vestigia
758 2112 801 2163 in
845 2124 926 2163 hac
967 2124 1159 2164 edit-ione
1191 2124 1477 2173 reperientur.
1513 2123 1631 2172 Quae
1663 2126 1812 2161 tamen
1844 2122 1888 2161 in
1919 2121 2030 2162 libro
2062 2130 2162 2160 meo

396 2211 435 2249 p.
480 2202 504 2239 ὅ
547 2211 637 2249 sqq.
678 2203 829 2240 contra
859 2201 999 2250 ipsius
1030 2200 1326 2240 Wessneri
1357 2200 1606 2250 opinionem
1640 2199 1691 2238 de
1724 2198 1965 2238 commenti
1995 2196 2162 2246 origine

394 2274 544 2327 (praef.
574 2277 700 2322 XLV)
726 2277 903 2327 protuli,
935 2287 985 2317 ea
1012 2278 1148 2317 etiam
1166 2287 1282 2316 nunc
1300 2276 1564 2316 vindicanda
1579 2285 1678 2315 esse
1698 2284 1854 2314 censeo
1874 2270 1922 2322 ³),
1939 2283 2020 2313 nec
2037 2273 2164 2312 credo

397 2352 447 2390 de
495 2353 576 2392 hac
615 2353 871 2393 difficillima
911 2354 1170 2401 quaestione
1212 2354 1447 2402 quicquam
1493 2350 1793 2391 verisimiliter
1824 2351 1928 2390 ante
1955 2348 2164 2388 affirmari

391 2439 538 2477 posse,
582 2438 712 2477 quam
753 2429 1034 2478 aliquatenus
1074 2431 1248 2469 constet
1288 2429 1404 2468 inter
1447 2428 1565 2468 viros
1608 2427 1759 2467 doctos
1800 2427 1850 2466 de
1883 2425 2160 2474 singulorum

392 2505 659 2544 scholiorum
707 2507 968 2545 auctoritate
1011 2508 1054 2545 et
1085 2505 1360 2554 integritate,
1395 2514 1526 2553 quem
1560 2511 1827 2543 consensum
1859 2502 1940 2540 hac
1973 2500 2163 2540 editione

397 2583 646 2628 promotum
681 2582 732 2620 iri
765 2591 904 2630 spero.

490 2759 512 2800 1)
537 2759 646 2793 Studi
679 2759 829 2794 Italiani
863 2760 900 2795 di
935 2759 1118 2804 Filologia
1152 2759 1311 2794 classica
1344 2758 1391 2793 ΙΙΙ
1425 2759 1472 2801 (a.
1498 2756 1599 2800 1894)
1624 2769 1659 2801 p.
1683 2755 1750 2790 256
1775 2766 1870 2799 sqq„
1895 2753 1960 2788 ubi
1985 2753 2163 2789 tractavit

400 2810 542 2845 scholia
566 2812 612 2846 ad
639 2824 695 2845 vv.
723 2814 865 2848 1--390.

490 2866 514 2906 Ἰ)
541 2864 593 2898 De
619 2866 820 2900 commenti
844 2865 938 2900 Don.
964 2866 1109 2909 origine
1134 2867 1170 2900 et
1195 2864 1483 2910 compositione.
1507 2861 1626 2906 Lugd.
1653 2861 1735 2897 But.
1761 2859 1859 2896 1907.
1884 2859 2053 2895 Censura
2072 2859 2162 2905 legi-

403 2917 459 2949 tur
482 2916 520 2950 in
548 2916 629 2951 Wo.
655 2918 676 2951 l.
703 2917 752 2952 kl.
778 2917 846 2953 Ph.
873 2917 958 2953 1907
982 2931 1017 2962 p.
1043 2917 1278 2953 1395—1407.

487 2970 513 3012 ³)
539 2971 656 3005 Aem.
689 2970 889 3006 Thomas
921 2971 958 3005 in
984 2983 1144 3006 censura
1167 2971 1335 3006 eiusdem
1362 2970 1447 3006 libri
1474 2969 1578 3014 (Rev.
1607 2967 1696 3003 Crit.
1723 2966 1809 3002 1907
1833 2979 1872 3011 p.
1894 2964 2090 3009 414-418)
2114 2964 2161 3001 de

400 3033 492 3061 mea,
528 3021 722 3058 Wessneri
752 3022 984 3068 aliorumque
1016 3024 1245 3068 aenigmatis
1277 3023 1467 3059 solutione
1498 3022 1568 3057 hoc
1600 3019 1768 3056 censuit:
1802 3020 1896 3054 ‘tout
1925 3018 1981 3053 les
2004 3029 2162 3063 moyens

400 3073 590 3118 employes
626 3076 798 3120 iusqu'ici
836 3079 902 3112 ont
933 3077 1097 3112 echoue'.
1126 3076 1296 3112 Eundem
1328 3088 1478 3121 quoque
1512 3074 1629 3111 semel
1654 3073 1867 3116 iterumque
1891 3070 2070 3107 laudasse
2094 3070 2161 3105 ‘ies

399 3127 577 3171 analyses
602 3129 646 3164 de
672 3129 786 3164 detail
812 3129 857 3164 de
883 3129 931 3164 M.
956 3130 1020 3170 K.',
1047 3131 1206 3174 gaudeo.
