2242 3443
306 223 412 250 xvm
1052 218 1306 247 PRAEFATIO.

602 348 634 374 c.
701 336 807 374 Vide
841 345 973 383 supra
1006 344 1044 382 p.
1079 344 1120 371 x.

360 419 405 453 123
481 415 496 450 1
537 414 791 460 excerptum
826 422 846 449 e
881 411 1075 457 longiore
1109 408 1276 447 scholio
1310 409 1349 446 3.

334 495 408 529 163
479 489 508 526 Ε
541 488 705 526 scholio
740 489 779 535 6,
810 485 1012 525 omnibus
1041 485 1237 523 numeris
1265 483 1485 536 absoluto,
1513 486 1720 534 excerpta
1739 485 1942 524 videntur
1960 495 2071 534 quae

483 564 645 602 similia
678 564 882 611 leguntur
914 562 956 600 in
991 562 1029 599 2.

337 647 408 680 173
483 644 556 680 174
601 640 638 677 3.
681 638 856 677 Scholia
894 637 1091 676 oratione
1125 639 1168 675 et
1201 635 1370 675 ambitu
1404 635 1533 684 longe
1565 636 1739 675 diversa
1772 638 1922 675 tamen
1955 636 2070 676 idem

482 716 729 754 continent:
761 715 785 752 3
815 713 984 761 plenius
1013 713 1056 751 et
1081 712 1276 760 apertius
1304 713 1390 760 est,
1423 712 1505 750 173
1533 711 1673 751 multo
1701 712 1908 761 pauciora
1938 711 2070 751 habet

482 791 556 829 sed
586 800 668 828 non
698 790 969 837 ineleganter
987 798 1216 837 expressa,
1236 788 1352 832 (vide
1370 788 1669 827 coniecturam
1687 797 1835 827 meam
1854 787 1898 826 in
1918 785 2070 838 initio).

333 873 405 908 471
480 868 503 904 2
538 868 794 914 excerptum
829 876 882 904 ex
915 865 1039 904 initio
1072 864 1283 912 longioris
1315 863 1471 904 scholii
1504 865 1543 903 5.

333 948 410 984 495
477 944 501 980 2
535 941 742 980 similiter
774 951 796 979 e
829 941 1022 989 longiore
1056 942 1095 980 5.

333 1024 410 1059 628
481 1019 504 1056 2
549 1018 769 1056 conclusio
813 1017 1003 1056 absurda
1045 1027 1144 1056 cum
1179 1017 1422 1056 eorundum
1455 1017 1687 1056 verborum
1720 1016 1984 1066 repetitione
2016 1026 2070 1056 ex

485 1094 650 1133 scholio
682 1094 971 1142 praecedenti.

335 1176 411 1210 666
481 1172 504 1209 4
540 1172 794 1219 excerptum
827 1170 1105 1209 levissimum
1140 1172 1208 1208 est
1241 1180 1263 1209 e
1295 1169 1555 1218 longissimo
1587 1169 1754 1209 scholio
1788 1169 1827 1208 3.

335 1251 408 1285 691
482 1247 506 1284 3
540 1256 594 1284 ex
628 1244 713 1284 fine
745 1245 956 1294 longioris
988 1245 1144 1284 scholii
1178 1246 1217 1285 2.

312 1327 412 1362 1024
483 1322 508 1360 2
542 1323 584 1360 et
617 1323 687 1360 3α
720 1332 744 1360 a
775 1321 942 1360 duobus
974 1321 1228 1361 scholiastis
1259 1321 1421 1360 hausta
1452 1331 1474 1360 e
1506 1321 1703 1370 longiore
1736 1320 1903 1360 scholio
1939 1323 1976 1360 1.

315 1403 410 1437 1667
485 1399 508 1436 3
542 1398 763 1436 contrahit
789 1408 899 1447 quae
927 1398 1136 1447 leguntur
1164 1397 1392 1437 enucleate
1420 1398 1462 1436 in
1494 1399 1513 1436 1
1544 1400 1587 1437 et
1614 1398 1653 1437 2.
1673 1397 1826 1437 Simile
1843 1397 1934 1437 fere
1951 1397 2073 1436 scho-

486 1473 592 1512 lium
640 1474 800 1513 referre
833 1474 1058 1523 supersedi
1091 1475 1144 1513 ad
1176 1474 1389 1513 Andriam
1427 1474 1510 1512 119
1543 1475 1588 1523 4,
1622 1473 1696 1513 ubi
1727 1474 1879 1524 paucis
1905 1475 2071 1513 contra-

488 1550 604 1589 hitur
637 1553 942 1599 argumentum
978 1550 1135 1590 scholii
1168 1551 1208 1590 3.

603 1627 642 1664 d.
706 1627 949 1675 Supersunt
981 1637 1120 1676 pauca
1147 1626 1314 1666 scholia
1345 1626 1489 1675 quarti
1515 1627 1706 1676 generis,
1736 1626 1849 1675 quod
1883 1626 2073 1666 indicavi

487 1711 617 1750 supra
648 1712 686 1750 p.
718 1712 796 1741 ΧΠ.

339 1782 412 1817 145
481 1778 612 1816 verba
646 1777 870 1817 ‘abducere
903 1780 953 1817 ut
988 1778 1040 1817 ab
1069 1779 1220 1818 stulto’
1249 1779 1408 1818 hausta
1439 1779 1642 1819 videntur
1669 1789 1724 1818 ex
1762 1779 1886 1819 initio
1918 1779 2074 1818 scholii

488 1852 671 1892 Donatei
715 1854 796 1893 172
845 1856 881 1893 1.
925 1854 1130 1894 Ceterum
1163 1855 1262 1894 vide
1295 1865 1405 1903 quae
1437 1855 1481 1894 in
1513 1855 1873 1895 adnotationibus
1905 1855 1957 1894 de
1989 1855 2072 1894 hoc

489 1929 653 1969 scholio
685 1930 849 1979 scripta
880 1933 996 1970 sunt.

339 2010 411 2045 357
483 2005 523 2043 2.
562 2005 605 2044 Si
639 2006 818 2053 inspicis
850 2007 1066 2046 scholium
1106 2009 1142 2056 1,
1178 2007 1346 2046 videbis
1378 2008 1402 2046 2
1438 2007 1675 2057 repetitum
1703 2017 1801 2047 esse
1827 2017 1850 2047 e
1877 2006 2074 2046 Donateo

492 2081 576 2120 230
611 2083 649 2120 2.

338 2161 414 2197 642
483 2158 522 2196 3.
557 2157 779 2197 Scholium
808 2161 973 2207 pugnat
1001 2169 1098 2198 cum
1119 2159 1316 2199 Donateo
1336 2160 1385 2208 2;
1414 2162 1645 2209 sumptum
1664 2159 1837 2199 videtur
1855 2169 1878 2198 e
1894 2159 2071 2199 Phorm.

493 2233 591 2272 205.

336 2312 412 2347 680
482 2309 506 2346 2
555 2311 597 2347 et
639 2310 725 2348 899
759 2310 784 2348 3
818 2311 926 2349 nihil
961 2311 1052 2351 fere
1084 2311 1309 2361 differunt,
1344 2312 1419 2351 sed
1451 2321 1538 2362 non
1572 2313 1640 2351 est
1672 2321 1749 2350 cur
1781 2310 1833 2350 ab
1865 2311 1962 2360 ipso
1992 2310 2070 2350 Do—

487 2387 591 2424 nato
625 2386 691 2424 bis
723 2386 826 2425 data
856 2396 954 2426 esse
986 2397 1074 2426 non
1107 2387 1356 2427 credantur.

609 2461 784 2501 Scholia
828 2462 1087 2512 difficiliora,
1141 2463 1289 2511 qualia
1339 2473 1472 2512 supra
1523 2463 1710 2502 tractavi
1762 2463 1816 2502 ad
1858 2462 2071 2502 Andriam

493 2546 532 2584 p.
566 2547 647 2574 xm
680 2547 772 2585 sqq.
806 2537 859 2576 ad
891 2537 1153 2577 Eunuchum
1186 2548 1273 2578 non
1306 2539 1468 2578 inveni.

434 2695 552 2735 Haec
593 2696 726 2744 igitur
763 2697 1114 2737 scholiorum
1147 2698 1431 2738 similium
1465 2698 1706 2738 collatio
1739 2707 1959 2746 nusquam
1992 2707 2072 2737 nos

315 2771 477 2819 docuit,
512 2781 562 2810 ea
594 2772 646 2810 ad
680 2772 759 2810 has
791 2774 1041 2813 comoedias
1074 2775 1136 2813 ita
1169 2784 1267 2813 esse
1301 2776 1573 2824 comparata,
1602 2775 1651 2813 ut
1677 2775 1913 2822 utrumque
1939 2772 2073 2812 simul

316 2846 434 2884 vitiis
459 2846 645 2895 laboret,
675 2857 784 2894 quae
811 2850 1082 2898 excerptoris
1109 2850 1473 2889 transformantis
1500 2859 1683 2888 manum
1710 2849 1967 2899 ostendant,
1996 2849 2073 2888 sed

317 2930 406 2958 rem
433 2931 610 2969 prorsus
638 2924 925 2962 contrariam:
956 2925 1145 2964 alterum
1172 2925 1304 2974 vulgo
1327 2925 1429 2964 boni
1456 2926 1500 2964 et
1516 2924 1674 2973 integri
1691 2924 1848 2964 scholii
1864 2933 2073 2964 numeros

317 2996 488 3044 explere
526 3000 567 3036 et
600 3007 625 3036 a
656 2999 877 3048 genuinis,
912 3010 1022 3047 quae
1055 3002 1368 3050 cognovimus,
1402 3010 1488 3040 non
1521 3000 1713 3051 differre,
1748 3000 1937 3040 alterum
1969 3010 2073 3040 vcro

319 3071 358 3108 in
403 3072 528 3110 rebus
570 3075 612 3111 et
643 3073 786 3112 forma
818 3074 927 3113 vitia
960 3076 1125 3115 leviora
1156 3079 1232 3116 aut
1263 3077 1467 3126 graviora
1497 3086 1671 3126 semper
1703 3075 1960 3124 ostendere;
1993 3085 2074 3115 nec
