2242 3443
1145 208 1228 246 5342

297 335 485 375 ὑπόκρισις
528 334 567 365 ἐν
610 332 799 373 ι’»ποκρίσιι
842 331 885 364 Α.
924 329 1012 365 348.
1057 329 1145 365 350.

351 394 438 430 386.
464 394 552 429 773.
579 393 669 428 921.
687 392 735 427 H.
755 392 842 427 311.
864 391 928 426 Ph.
954 389 1038 426 131.
1056 391 1144 427 466.

298 458 474 498 ιἰποφιψιί
518 456 562 489 Α.
608 454 696 490 258.
740 454 814 489 396
846 455 1031 495 εύστοχος.
1069 453 1144 487 ibid

298 518 555 560 ἀνθυποφορά.
600 516 647 551 Η.
684 515 772 552 838.
806 516 880 549 ibid
913 517 1042 548 ἀνθυπ.
1076 514 1143 549 Ph.

1167 960 1209 1006 II

1271 330 1343 366 159
1397 332 1527 365 ἀνθυπ.
1582 332 1799 374 μονομερής.
1852 330 1942 367 781.
1985 330 2059 365 ibid

1269 393 1399 427 ἀνθυπ.

1216 454 1310 497 ι’»φέν
1341 454 1389 488 A.
1420 454 1505 490 175.
1541 454 1627 490 180.
1658 454 1747 490 211.
1778 454 1826 490 Η.
1857 451 1971 491 518*.

1214 516 1424 558 Χλευασμὸς
1452 516 1524 551 Ad.
1555 514 1643 552 783.
1674 515 1763 552 954.

418 1164 708 1200 PRAECIPUA
738 1163 1015 1199 VOCABULA
1045 1164 1182 1208 QUAE
1213 1163 1562 1201 TRACTANTUR
1591 1164 1644 1200 IN
1674 1164 1942 1201 COMMENTO

299 1508 346 1543 ab
377 1507 527 1543 Andria
556 1509 618 1543 est
647 1509 692 1543 A.
725 1507 811 1544 461.

300 1570 462 1605 abactor
489 1570 562 1605 Ad.
602 1569 691 1606 401.

299 1631 492 1667 abducere
521 1631 592 1666 Ad.
623 1630 710 1668 628.

298 1693 459 1737 abigere
489 1693 650 1728 mittere
680 1694 752 1728 Ad.
783 1693 873 1730 401.
905 1693 993 1730 553.

298 1754 511 1798 abligurire
542 1755 582 1790 E.
615 1754 702 1791 235.
734 1754 823 1791 936.

296 1818 481 1852 abortum
510 1818 592 1852 -tus
622 1816 671 1852 H.
699 1816 787 1852 398.

295 1879 465 1914 absente
493 1877 608 1914 nobis
638 1878 679 1914 E.
711 1877 798 1914 649.

295 1941 446 1983 absque
475 1939 524 1978 H.
555 1939 642 1976 601.

295 2012 339 2037 ac
369 2011 440 2046 pro
470 2011 590 2045 quam
621 2001 670 2036 H.
702 1999 788 2037 681.

294 2063 442 2100 accersi
472 2063 611 2098 abduci
642 2062 690 2098 H.
723 2061 812 2098 748.

295 2124 468 2161 accidere
498 2125 545 2160 A.
576 2123 664 2161 398.
696 2124 745 2159 Η.
781 2124 868 2161 378.

293 2188 430 2222 actum
472 2187 536 2222 est
581 2187 626 2221 A.
664 2185 753 2222 465,
785 2187 826 2222 Ε.
860 2186 921 2222 54.
953 2188 1022 2221 Ad.
1056 2187 1144 2224 324.

349 2248 418 2283 Ph.
448 2247 537 2284 208.
569 2245 657 2283 419.

294 2312 382 2345 acta
411 2311 451 2345 et
480 2311 687 2345 transacta
720 2311 765 2344 A.
796 2308 883 2345 248.

294 2372 341 2406 ad
373 2372 419 2407 A.
451 2370 539 2407 539.
572 2370 660 2406 694.

293 2434 337 2468 ad
381 2432 435 2473 (in
480 2432 712 2468 admirabile
742 2433 847 2468 sim.»
884 2436 928 2467 A.
960 2433 1022 2469 61.
1055 2433 1143 2472 539.

346 2493 436 2531 694.
466 2494 515 2529 Η.
546 2493 634 2530 268.
664 2494 735 2529 Ph.
777 2493 866 2530 203.

293 2557 391 2591 adeo
421 2558 467 2591 A.
497 2554 585 2591 469.
616 2556 656 2591 E.
689 2555 778 2592 204.
810 2556 900 2592 312.
934 2558 1007 2594 Ad.
1039 2557 1100 2594 40.

292 2618 436 2653 adesse
464 2626 611 2652 causae
640 2617 710 2652 Ph.
741 2616 830 2654 350.

293 2679 401 2714 adire
431 2678 637 2714 hominem
668 2678 737 2714 Ph.
770 2677 858 2715 252.

295 2740 427 2776 aditus
456 2741 503 2775 A.
533 2739 621 2776 534.

293 2802 477 2838 adiutare
507 2801 575 2836 Ph.
607 2801 668 2838 34.

294 2863 453 2899 adiutor
481 2862 678 2908 impulsor
709 2864 781 2899 Ad.
812 2863 900 2901 967.

295 2925 473 2969 adprime
503 2925 548 2960 A.
578 2924 638 2960 61.

295 2986 505 3030 adstringo
533 2986 653 3022 fidem
683 2987 724 3022 E.
759 2986 831 3024 102

295 3047 567 3083 adversitores
598 3050 670 3083 Ad.
699 3047 762 3084 27.

299 3118 419 3153 aegre
449 3108 496 3144 Η.
527 3108 615 3146 765.

1215 1445 1383 1482 affectus
1411 1444 1460 1482 H.
1492 1444 1578 1482 325.

1215 1518 1289 1552 age
1313 1508 1387 1543 hoc
1407 1507 1515 1551 agite
1537 1509 1610 1543 Ad.
1627 1508 1714 1545 215.
1732 1507 1820 1545 943.
1838 1508 1879 1544 Ε.
1897 1507 2066 1544 99.130.

1215 1579 1334 1613 agere
1363 1569 1519 1613 agitare
1548 1570 1597 1605 H.
1629 1570 1691 1607 93.

1215 1641 1334 1676 agere
1364 1641 1479 1668 orare
1508 1631 1557 1667 H.
1589 1631 1675 1669 686.

1215 1704 1334 1738 agere
1365 1703 1408 1729 se
1439 1694 1484 1730 A.
1515 1693 1604 1730 708.

1216 1757 1350 1791 actum
1381 1766 1501 1800 agere
1530 1757 1604 1791 Ad.
1635 1755 1725 1793 232.
1756 1756 1825 1792 Ph.
1857 1754 1944 1791 419.

1214 1818 1302 1861 agis
1331 1817 1430 1853 alias
1460 1828 1525 1854 res
1557 1819 1598 1853 E.
1629 1817 1718 1854 348.

1215 1880 1305 1923 quid
1336 1879 1471 1923 agitur
1499 1881 1572 1915 Ad.
1604 1879 1692 1916 373.
1723 1879 1812 1916 901.
1843 1879 1885 1916 E.
1915 1878 2005 1915 271.

1214 1951 1310 1985 ager
1337 1942 1386 1977 ab
1416 1943 1575 1985 agendo
1609 1942 1682 1978 Ad.
1712 1941 1801 1978 401.
1877 1974 1880 1975 ⁷

1214 2003 1380 2048 aggredi
1433 2003 1578 2039 adoriri
1632 2006 1677 2039 A.
1731 2001 1819 2039 479.
1862 2003 1936 2038 Ad.
1979 2000 2067 2038 404.

1269 2065 1340 2100 Ph.
1369 2063 1460 2101 968.

1215 2126 1276 2162 aio
1319 2128 1382 2162 etc
1423 2128 1470 2162 A.
1519 2125 1604 2162 192.
1645 2126 1734 2163 321.
1774 2125 1864 2162 351.
1905 2126 1946 2161 Ε.
1981 2123 2067 2161 139.

1269 2188 1319 2224 Η.
1351 2187 1440 2225 357.
1470 2188 1519 2224 al.

1216 2250 1358 2286 alacris
1391 2252 1467 2286 -tas
1498 2251 1540 2285 Ε.
1572 2248 1660 2286 304.

1214 2312 1408 2348 aliorsum
1438 2311 1527 2347 sim.
1558 2312 1602 2349 Ε.
1631 2310 1692 2347 82.
1723 2311 1773 2347 H.
1808 2310 1897 2348 315.

1213 2373 1383 2409 allatum
1413 2372 1605 2409 rellatum
1637 2373 1707 2408 Ph.
1741 2372 1804 2409 21.

1215 2436 1372 2471 amator
1415 2444 1559 2470 amans
1603 2434 1757 2470 amicus
1800 2435 1847 2470 A.
1885 2434 1948 2471 76.
1978 2434 2066 2471 718.

1269 2497 1311 2532 Ε.
1344 2496 1431 2533 148.

1214 2558 1367 2594 ambire
1399 2558 1469 2594 -tio
1499 2558 1546 2593 A.
1577 2556 1666 2594 373.

1213 2619 1376 2655 ambula
1405 2619 1444 2655 in
1475 2620 1539 2655 ius
1565 2619 1636 2654 Ph.
1667 2618 1753 2656 936.
1783 2619 1829 2655 cf.
1859 2617 1947 2655 981.

1213 2681 1400 2718 amittere
1431 2681 1631 2717 dimittere
1661 2680 1730 2716 Ph.
1764 2679 1848 2716 141.
1881 2680 1969 2716 414.

1213 2752 1305 2778 amo
1335 2744 1376 2779 te
1405 2742 1476 2778 Ph.
1508 2742 1569 2778 54.
1916 2732 1919 2736 ¹

1214 2804 1369 2840 amoliri
1399 2804 1448 2840 A.
1477 2804 1566 2840 707.

1213 2876 1326 2902 amor
1377 2866 1630 2901 consuetudo
1673 2865 1720 2900 A.
1761 2863 1847 2901 279.
1893 2865 1934 2900 Ε.
1982 2862 2067 2900 119.

1267 2924 1342 2963 Ad.
1373 2926 1461 2963 666.
1493 2927 1539 2965 cf.
1569 2926 1618 2962 H.
1651 2926 1740 2964 555.

1214 2989 1392 3025 animam
1423 2989 1539 3025 debet
1567 2988 1672 3031 (quid
1705 2987 1738 3022 si
1764 2988 1853 3028 a.d.)
1878 2986 1962 3023 Pho
1978 2985 2066 3024 661.

1215 3050 1537 3087 animadvertere
1564 3050 1604 3085 E.
1636 3049 1698 3084 44.

1215 3112 1398 3148 animum
1428 3112 1615 3147 inducere
1643 3110 1686 3149 E.
1715 3109 1804 3146 490.
1835 3109 1884 3146 H.
1915 3108 1978 3145 99.
