2242 3443
2 477 14 586 „mvn-we
4 347 12 462 --—--
8 331 10 334 v
8 301 9 304 „

1018 180 1099 217 201

330 301 471 339 danda
513 302 612 339 est?
654 304 678 339 3
721 301 773 339 Et
817 304 884 340 est
926 303 1051 341 ordo:
1099 305 1141 340 ut
1187 313 1269 341 non
1314 305 1372 341 sit
1405 305 1512 342 mihi
1547 316 1730 352 aequum
1766 309 1941 353 peccato

331 387 514 425 ignosci.

500 450 524 485 4
553 450 787 486 Necessaria
810 451 933 495 igitur
958 452 1224 496 ambiguitas:
1252 454 1321 487 aut
1347 474 1379 477 —
1405 454 1428 490 5
1453 453 1598 489 Utrum
1626 455 1703 489 ‘sit’
1726 465 1794 498 pro
1820 457 1943 492 videa.-

447 505 514 539 tur
541 514 590 540 an
623 504 858 551 <***?>
889 515 960 550 pro
991 510 1270 550 peccaturo
1300 507 1462 549 mihi¹)
1489 529 1520 531 —
1546 508 1616 543 aut
1641 508 1816 551 ‘peccato
1833 509 1942 544 mihi’

448 567 520 602 pro
564 560 805 603 peccanti
850 560 973 595 mihi
1012 562 1098 595 aut
1140 562 1356 604 peccato
1385 571 1513 604 meo,
1544 563 1614 596 aut
1644 563 1755 597 deest
1784 563 1863 607 ‘in’,
1898 565 1941 598 ut

448 611 521 647 sit:
552 612 591 647 in
621 615 795 657 peccato.

183 686 258 723 788
386 693 573 722 CAUTIUS
616 694 671 722 NE
714 694 883 722 TEMERE
926 695 1092 723 FAcrAM
1134 685 1329 724 seniliter
1372 685 1568 724 additum
1613 689 1710 734 post
1744 687 1942 725 ‘cautius'

330 757 406 797 ‘ne
438 761 650 798 temere
682 760 922 798 faciam’.

182 838 257 874 739
380 844 640 873 FAGTURAVE
672 845 720 873 ns
753 836 837 873 etsi
869 845 954 874 non
988 835 1136 875 facies.

181 913 257 950 740
389 912 407 949 1
438 921 644 949 mscnrtm
672 912 912 949 ‘inscitum’
941 921 1011 950 me
1037 912 1219 959 scilicet,
1240 913 1276 950 si
1296 913 1498 950 iniuriam
1519 913 1692 953 faciam.
1713 916 1737 951 2
1757 924 1945 952 OFFERRE

329 986 600 1025 offerimus
649 988 858 1026 iniuriam
906 988 1159 1027 immerenti
1208 988 1492 1026 reddimus
1540 990 1578 1027 ei
1626 991 1696 1036 qui
1740 992 1944 1028 meretur.

323 1062 347 1100 3
382 1072 587 1101 [NSCITUM
621 1073 811 1102 orrnmzn
845 1063 1082 1102 ‘inscitum‘
1118 1064 1357 1113 inelegans,
1392 1074 1477 1103 non
1511 1065 1686 1112 bonum,
1716 1067 1740 1103 4
1770 1068 1812 1103 et
1839 1066 1945 1104 bene

327 1147 413 1176 non
446 1138 560 1176 dixit
594 1139 780 1177 ‘durum'
813 1142 890 1177 aut
922 1139 1082 1187 aliquid
1118 1140 1205 1178 tale
1248 1141 1322 1178 sed
1358 1140 1607 1187 ‘inscitum’‚
1642 1151 1724 1187 quo
1752 1141 1947 1179 maxime

330 1213 460 1252 verbo
511 1214 717 1253 mulieres
759 1216 802 1252 et
844 1216 1097 1254 meretrices
1137 1217 1344 1253 utuntur:
1390 1216 1594 1254 scitum
1639 1216 1754 1254 enim
1799 1216 1948 1255 dicunt

329 1290 440 1337 quod
488 1290 645 1338 placet,
695 1291 965 1329 inscitum
1019 1292 1129 1338 quod
1179 1291 1392 1339 displicet,
1443 1294 1489 1330 ut
1536 1293 1685 1331 (Andr.
1705 1292 1804 1336 486)
1845 1292 1945 1340 ‘per-

329 1367 502 1404 ecastor
544 1367 684 1404 scitus
726 1377 830 1414 puer
862 1369 993 1405 natus
1026 1369 1093 1405 est
1128 1368 1386 1415 Pamphilo'.
1422 1369 1446 1406 5
1481 1368 1572 1406 Hoc
1604 1369 1690 1406 tale
1723 1370 1803 1416 est,
1837 1368 1947 1415 quod

328 1441 439 1479 dixit
484 1442 720 1481 ‘inscitum'
765 1453 818 1481 ex
862 1442 1113 1491 abundanti,
1150 1443 1276 1491 quale
1309 1445 1373 1482 est
1408 1446 1519 1492 apud
1553 1444 1791 1492 Vergilium
1825 1444 1947 1483 (Aen.

334 1518 519 1557 12.185)
553 1518 646 1556 ‘nec
680 1521 780 1566 post
813 1530 849 1556 a.
884 1529 924 1557 u.
960 1530 992 1557 r,
1026 1519 1091 1557 Α.’
1127 1522 1208 1557 εἰςο

186 1598 257 1634 741
390 1604 464 1632 EST
514 1604 670 1632 MAGNA
716 1605 909 1633 ECAs'rmz
951 1605 1120 1633 GRATIA
1163 1595 1363 1633 imitatur
1407 1595 1476 1633 hic
1510 1597 1553 1632 et
1585 1595 1722 1633 senile
1755 1596 1798 1633 et
1829 1594 1946 1634 femi-

331 1680 463 1709 neum
498 1670 834 1717 tardiloquium:
869 1670 1106 1709 suffecerat
1140 1670 1233 1718 ‘ago
1266 1670 1460 1718 gratias‘.

186 1749 260 1786 742
396 1747 414 1783 1
464 1755 560 1784 NAM
609 1755 681 1791 Qur
726 1746 855 1795 idem,
899 1747 1010 1793 quod
1057 1747 1118 1784 ait
1160 1747 1204 1784 in
1237 1746 1450 1795 Adelphis
1482 1748 1598 1791 (165)
1632 1747 1872 1794 ‘indignum
1907 1748 1948 1784 te

325 1832 423 1860 esse
471 1822 631 1872 iniuria
678 1822 771 1869 hac,
820 1822 1012 1870 indignis
1055 1832 1153 1861 cum
1199 1824 1373 1870 egomet
1416 1825 1620 1871 acceptus
1662 1822 1745 1860 sim
1779 1821 1948 1861 modis'.

331 1900 354 1936 2
398 1907 551 1936 PARUM
594 1907 695 1936 MIHI
734 1908 886 1938 Pnosrrr
921 1898 957 1936 si
991 1898 1054 1936 sic
1088 1898 1328 1946 accipiatur
1361 1899 1409 1936 ut
1442 1898 1652 1946 scriptum
1687 1900 1766 1946 est,
1799 1896 1950 1946 λιτότης

329 1975 398 2012 est
429 1977 476 2014 et
507 1973 570 2012 ita
601 1973 963 2022 intellegendum,
998 1974 1125 2021 quasi
1157 1973 1337 2011 dixerit:
1374 1973 1564 2011 multum
1599 1973 1707 2011 mihi
1739 1973 1948 2020 nocuerit,

291 2103 294 2106 Α
327 2049 465 2088 immo
499 2059 570 2088 me
602 2049 795 2097 laeserit,
829 2049 967 2087 immo
1001 2059 1072 2087 me
1105 2050 1327 2088 everterit.

186 2129 260 2166 743
392 2126 412 2163 1
458 2135 537 2163 sno
579 2134 682 2170 Qun)
725 2135 848 2164 Is‘ruc
890 2135 966 2163 EST
1000 2135 1115 2163 nunc
1147 2124 1325 2163 demum
1359 2125 1412 2164 ad
1444 2135 1535 2163 rem
1573 2125 1696 2164 redit.
1735 2127 1755 2163 7
1790 2124 1839 2162 Ει
1871 2124 1946 2163 fre-

330 2202 591 2249 quentativo
624 2211 731 2240 usus
764 2204 844 2249 est,
879 2201 992 2248 quod
1025 2211 1111 2240 non
1144 2211 1242 2240 raro
1275 2202 1351 2239 sed
1384 2201 1636 2248 frequenter
1669 2202 1872 2248 receptet.

502 2275 525 2310 2
564 2285 679 2310 mmm
720 2284 922 2310 RECEPTAS
953 2284 1093 2310 mmmm
1121 2274 1296 2311 intentio
1326 2274 1515 2310 criminis.
1546 2275 1569 2311 3
1598 2275 1646 2310 Et
1676 2284 1753 2309 non
1783 2273 1948 2317 ‘recipis’

447 2330 516 2365 sed
561 2330 786 2373 ‘receptas'.
830 2328 854 2363 4
897 2329 944 2364 Et
989 2338 1039 2364 ne
1081 2328 1229 2365 diceret
1269 2329 1375 2372 ‘quid
1414 2329 1540 2372 tua?'‚
1580 2331 1755 2363 ‘meum
1797 2327 1948 2363 filium’.

450 2384 473 2418 ὅ
511 2392 626 2418 ΜΕῸΜ
664 2392 864 2418 REOEPTAS
895 2392 1033 2417 mnium
1062 2382 1286 2427 propositio
1314 2382 1564 2419 accusatoria
1593 2383 1667 2417 est.
1700 2382 1722 2417 6
1752 2381 1799 2416 Et
1828 2380 1948 2416 brevi-

448 2437 509 2471 ter
547 2437 761 2481 proposuit
800 2436 964 2480 crimen,
1005 2437 1109 2479 quod
1148 2438 1291 2480 postea
1319 2437 1523 2472 dilatatur.
1554 2435 1577 2471 8
1605 2445 1719 2470 MEUM
1750 2444 1949 2470 ascerus

450 2499 591 2526 murm
632 2500 687 2525 AD
728 2501 776 2526 TE
817 2491 954 2525 status
993 2490 1236 2536 coniectura,
1275 2500 1376 2534 quae
1415 2490 1645 2526 coniectura
1681 2488 1844 2524 diluitur
1882 2498 1950 2533 per

449 2544 605 2587 ἄτεχνον
638 2544 771 2587 πίστιν,
801 2544 840 2579 id
868 2545 931 2579 est
960 2543 1242 2580 iusiurandum
1274 2546 1315 2580 et
1344 2545 1549 2580 tormenta
1578 2552 1802 2579 servorum.

185 2620 260 2657 744
392 2618 412 2654 l
446 2626 511 2654 An
543 2615 656 2663 quod
687 2613 852 2653 falsum
887 2616 968 2662 est,
1003 2614 1265 2653 reclamavit
1297 2615 1507 2654 meretrix
1541 2618 1583 2652 et
1617 2614 1755 2652 voluit
1783 2614 1949 2651 contra-

332 2691 487 2740 dicere,
523 2691 559 2730 si
586 2691 862 2739 permitteret
892 2699 1044 2728 senex.
1075 2691 1098 2728 2
1129 2700 1226 2729 smn
1253 2701 1390 2729 DICAM
1417 2690 1633 2737 Vergilius
1650 2691 1770 2728 (Aen.
1795 2689 1858 2726 12.
1881 2689 1949 2726 25)

334 2767 443 2806 ‘sine
475 2777 547 2806 me
579 2767 685 2805 haec
718 2767 758 2805 h.
793 2776 852 2804 m.
886 2765 929 2804 f‘.
964 2766 989 2803 4
1025 2775 1149 2810 QUAM
1181 2777 1302 2805 HANG
1338 2777 1468 2805 ouxir
1502 2766 1641 2803 ‘hanc'
1670 2765 1793 2811 quasi
1821 2764 1948 2801 mole·

333 2844 450 2881 stam
499 2844 543 2881 et
590 2852 700 2890 quae
746 2841 828 2880 hoc
875 2840 984 2880 nolit
1026 2841 1130 2889 pati.
1176 2844 1200 2880 5
1246 2851 1445 2880 vasa-aum
1488 2851 1671 2879 Amorum
1715 2835 1949 2879 PERTUL12)

234 2991 257 3033 ¹)
284 2991 404 3027 Aliter
428 2992 550 3027 locum
576 2991 775 3027 constituit
803 2990 955 3037 Wessn.

232 3044 257 3086 ²)
283 3044 476 3080 Scholium
505 3045 669 3092 pertinet
693 3044 741 3079 ad
766 3043 1016 3088 praecedens:
1043 3043 1126 3078 ‘Ah.
1154 3044 1243 3079 Sine
1269 3045 1412 3080 dicam'.
