2242 3443
315 229 386 255 xiv
1065 228 1320 256 PRAEFATIO.

578 343 824 381 Scholiasta
862 344 879 380 1
917 342 1069 389 Mysidi
1114 343 1267 381 tribuit
1305 344 1582 392 putavitque,
1623 354 1723 383 eam
1763 344 1841 384 hoc
1875 344 2070 385 ‘lentius’

457 419 637 463 dixisse,
679 421 881 466 quocirca
916 418 1061 457 Davus
1107 429 1203 458 eam
1242 418 1390 458 iubeat
1424 420 1503 459 hoc
1537 421 1785 460 convicium
1819 418 1964 460 ‘clare'
1998 422 2072 461 ite-

457 505 564 533 rare.
611 495 916 543 Interpretatio
954 494 1066 533 falsa
1100 498 1190 541 est;
1225 496 1363 534 totius
1395 496 1476 535 loci
1506 498 1722 536 rationem
1757 497 1831 538 ille
1865 507 1950 536 non
1984 508 2073 546 per·

456 572 581 619 cepit.
612 572 703 609 Iam
732 572 772 608 in
803 581 840 609 v.
871 571 952 609 747
985 570 1134 609 Davus
1162 571 1396 610 mulierem
1424 573 1631 621 poposcit,
1659 576 1705 612 ut
1733 574 1904 614 diceret
1931 572 2074 612 ‘unde’

456 648 515 685 sit
555 657 659 695 puer
702 648 951 695 expositus;
988 648 1098 686 hanc
1132 646 1477 695 postulationem
1510 659 1624 688 nunc
1656 650 1840 699 repetit:
1871 648 2076 688 ‘undest?

459 724 524 762 dic
565 722 764 767 clare'1).
809 723 1033 762 Scholium
1080 724 1105 762 2
1148 730 1192 762 et
1233 725 1258 763 3
1302 734 1440 764 unum
1484 726 1741 764 continuum
1777 724 1996 774 efficiunt;
2030 725 2075 764 in

459 800 599 847 prima
632 802 754 848 parte
789 800 1055 848 convicium,
1090 799 1158 838 vel
1187 802 1236 838 ut
1263 799 1336 839 ille
1363 800 1554 849 praefert
1582 801 1910 849 ‘comminatio’,
1930 801 2078 841 ‘male-

459 875 579 913 dicis'
625 876 756 913 etiam
801 875 954 923 Mysidi
998 874 1205 914 tribuitur
1225 873 1277 927 2),
1323 877 1366 915 in
1409 876 1549 916 altera
1589 880 1712 926 parte
1749 877 1890 917 denuo
1921 877 2073 927 refert,

461 953 508 989 ut
550 951 676 990 modo
718 952 817 990 476.
854 953 892 1000 3,
936 952 1186 1001 opinionem
1221 953 1510 1003 quorundam,
1544 955 1617 1002 qui
1649 953 1771 993 Davo
1804 956 1948 993 totum
1982 963 2072 993 ver-

459 1027 647 1066 siculum
698 1028 892 1068 tribuant
929 1030 971 1066 et
1013 1029 1127 1068 hunc
1159 1029 1222 1068 ita
1260 1029 1502 1083 explicent,
1535 1031 1662 1078 quasi
1692 1029 1841 1069 Davus
1871 1029 2076 1083 simulet,

461 1103 672 1152 Mysidem
710 1115 786 1153 per
818 1105 1096 1153 aposiopesin
1130 1105 1198 1150 (cf.
1230 1105 1458 1152 Dziatzko)
1494 1106 1592 1145 ‘non
1625 1108 1719 1145 tute
1750 1107 1900 1155 ipse..
1921 1106 1946 1146 .'
1978 1102 2078 1158 (hoc

459 1182 526 1218 est
579 1180 711 1229 igitur
760 1180 939 1221 ‘dictum
981 1181 1213 1230 superius’)
1256 1180 1431 1221 Chremi
1477 1192 1562 1222 non
1610 1183 1721 1220 satis
1768 1182 2073 1231 manifestam,

459 1256 614 1294 iecisse
656 1256 941 1295 maledictum
984 1256 1028 1295 in
1070 1266 1238 1297 senem.
1273 1257 1322 1296 In
1357 1257 1522 1297 scholio
1554 1259 1690 1307 igitur
1723 1259 1748 1297 2
1787 1268 1834 1302 -÷-
1870 1259 1896 1298 3
1926 1259 2075 1298 omnia

457 1331 584 1380 plane
625 1333 852 1371 enuntiata
893 1335 1015 1381 sunt,
1054 1333 1235 1373 etiamsi
1269 1333 1572 1382 ‘quorundam’
1605 1335 1911 1384 interpretatio
1942 1335 2077 1374 nimis

461 1409 660 1456 speciosa
692 1409 905 1448 videatur.
941 1409 1154 1459 Quidquid
1188 1412 1273 1460 est,
1306 1410 1510 1450 videmus
1542 1409 1759 1450 scholium
1797 1412 1817 1449 1
1852 1409 1905 1450 ab
1937 1410 2076 1450 altero

461 1485 485 1522 2
517 1491 564 1527 -i-
597 1485 620 1523 3
646 1486 709 1524 ita
732 1486 893 1525 distare
920 1488 969 1526 ut
996 1486 1118 1526 nulla
1144 1486 1389 1527 similitudo
1407 1487 1479 1537 sit,
1499 1487 1586 1526 nisi
1602 1487 1646 1526 in
1664 1487 1924 1535 quaestione
1941 1496 2074 1535 quam

457 1562 661 1615 tractant,
704 1572 783 1601 nec
829 1572 926 1603 esse
967 1564 1175 1613 excerpta
1216 1573 1272 1602 ex
1314 1573 1400 1603 uno
1443 1563 1668 1603 communi
1703 1563 1847 1611 fonte;
1882 1563 2071 1603 alterum

458 1647 612 1676 omnes
644 1638 783 1677 denuo
815 1639 1012 1678 sincerae
1047 1641 1090 1679 et
1121 1640 1318 1688 integrae
1351 1639 1646 1680 adnotationis
1677 1649 1882 1680 numeros
1915 1639 2076 1689 explet,

458 1713 648 1754 alterum
696 1715 884 1754 absurda
936 1716 1150 1766 continet,
1192 1726 1272 1756 nec
1319 1726 1404 1756 non
1446 1716 1517 1756 hic
1557 1726 1728 1765 quoque
1769 1716 2073 1756 conclusivum

458 1789 563 1829 illud
598 1790 727 1840 ‘ergo’
761 1793 878 1831 iusta
911 1794 1032 1832 caret
1064 1793 1244 1832 ratione.

311 1871 386 1906 959
460 1868 495 1906 1.
539 1870 578 1906 4.
624 1873 711 1909 716.
755 1869 796 1909 3.
838 1874 928 1910 960.
963 1869 1006 1908 Si
1038 1869 1147 1909 haec
1178 1870 1293 1909 inter
1325 1879 1371 1909 se
1404 1879 1734 1919 comparamus,
1768 1870 1949 1919 apparet
1980 1869 2073 1908 doc—

457 1944 618 1982 trinam
651 1944 867 1993 prolatam
901 1946 945 1984 in
983 1947 1001 1984 1
1035 1947 1191 1986 mutuo
1223 1947 1451 1995 sumptam
1479 1955 1576 1985 esse
1602 1945 1796 1995 primum
1823 1955 1878 1985 ex
1905 1944 2073 1984 scholio

457 2020 626 2059 sincero
659 2021 711 2059 ad
743 2022 920 2060 initium
951 2032 1137 2062 scaenae
1166 2023 1265 2062 716.
1295 2023 1334 2071 3,
1363 2022 1437 2061 ubi
1464 2032 1643 2071 prorsus
1671 2022 1825 2062 eadem
1851 2021 2070 2071 leguntur,

456 2095 554 2135 dein
591 2106 646 2136 ex
679 2098 787 2137 960:
825 2097 1038 2147 ‘propriae
1069 2101 1172 2138 sunt
1202 2100 1451 2148 perpetuae,
1485 2098 1796 2147 sempiternae'
1831 2099 1948 2147 cett„
1980 2099 2069 2136 tan-

457 2172 556 2211 dem
599 2183 654 2212 ex
701 2176 749 2212 4:
791 2173 848 2214 ‘et
881 2176 948 2214 est
984 2175 1145 2223 dogma
1175 2170 1473 2223 Epicureum';
1508 2176 1619 2223 quod
1651 2175 1802 2213 autem
1834 2173 2073 2213 scholiasta

458 2247 561 2287 dicit
608 2248 858 2300 ‘proprium,
907 2253 957 2290 ut
999 2251 1136 2290 animi
1178 2251 1333 2290 virtus’
1375 2260 1461 2290 non
1505 2250 1712 2290 convenit
1744 2260 1843 2289 cum
1873 2249 2072 2289 doctrina

457 2323 630 2363 Terenti
677 2326 721 2364 in
763 2337 803 2366 v.
838 2328 946 2367 960:
991 2327 1259 2376 ‘voluptates
1293 2337 1445 2367 eorum
1478 2327 1677 2376 propriae
1710 2327 1843 2366 sunt'.
1876 2326 2072 2374 Denique

456 2400 669 2447 particula
717 2401 863 2441 ‘enim'
911 2413 1027 2442 nunc
1072 2404 1209 2443 etiam
1251 2404 1367 2443 male
1410 2405 1476 2443 est
1516 2403 1723 2453 adhibita,¹
1767 2412 1868 2442 cum
1900 2402 2068 2442 nullum

457 2475 631 2514 causale
662 2477 886 2518 vinculum
919 2479 980 2518 sit
1009 2481 1125 2520 inter
1157 2480 1238 2519 has
1269 2480 1525 2519 sententias.

576 2552 783 2601 Superest
820 2555 1033 2594 similium
1067 2556 1336 2596 scholiorum
1370 2555 1538 2605 sylloge
1569 2565 1749 2604 prorsus
1782 2555 1908 2594 unica
1939 2555 2069 2594 haec:

309 2631 381 2666 457
459 2630 493 2666 1.
530 2628 566 2665 2.
599 2631 639 2669 4.
673 2631 710 2668 5.
747 2630 791 2668 Si
824 2631 1076 2671 omittimus
1108 2632 1330 2681 prooemia
1362 2631 1631 2671 scholiorum
1665 2632 1690 2670 3
1724 2633 1767 2670 et
1798 2632 1844 2680 4,
1874 2632 1932 2658 —'-
1957 2640 2070 2679 quae

457 2704 590 2742 verba
632 2705 683 2743 ad
725 2705 1133 2756 interpretationem
1176 2708 1340 2747 nullius
1372 2709 1476 2747 sunt
1507 2707 1739 2756 momenti,
1774 2717 1933 2757 nempe
1965 2708 2009 2745 in
2041 2708 2067 2745 4

311 2886 428 2927 clare',
455 2888 550 2923 Dzi:
576 2889 812 2926 6maledicis?
836 2892 935 2927 unde
961 2893 1046 2927 est‘?
1073 2893 1107 2928 d.
1132 2893 1184 2934 c.',
1209 2894 1309 2938 quod
1337 2895 1528 2938 praestare
1555 2893 1646 2928 mihi
1671 2893 1831 2934 videtur,
1853 2905 1921 2929 nec
1943 2892 2069 2928 minus

311 2939 408 2982 quod
434 2942 675 2986 aposiopesin
701 2943 844 2979 indicat
871 2945 1053 2980 Dziatzko
1078 2948 1167 2991 post
1191 2950 1277 2981 ‘non
1301 2948 1383 2981 tute
1408 2945 1502 2991 ipse*
1528 2946 1567 2981 in
1591 2958 1701 2981 versu
1728 2946 1805 2982 752.

401 2993 424 3031 ¹)
455 2993 585 3038 Itaque
617 2995 734 3030 schol.
763 2997 785 3030 4
815 3000 880 3032 aut
911 2998 1079 3034 eiusdem
1112 3002 1170 3034 est
1201 2999 1378 3040 auctoris,
1406 3002 1482 3039 aut,
1506 2999 1538 3034 si
1563 3011 1779 3043 germanum
1805 3001 1874 3040 est,
1899 3001 1942 3034 ut
1963 3000 2068 3044 puto.

311 3043 444 3079 lemma
476 3045 608 3082 falsum
636 3050 695 3083 est
721 3050 960 3095 pertinetque
984 3055 1032 3086 ad
1056 3064 1090 3086 v.
1114 3051 1191 3092 753,
1214 3052 1280 3097 qui
1304 3064 1438 3097 pressa
1462 3064 1551 3087 voce
1575 3064 1597 3087 a
1620 3051 1726 3087 Davo
1751 3052 1974 3088 enuntiatus
1998 3053 2068 3087 est.

400 3100 424 3141 “-)
449 3098 509 3133 Sic
535 3100 646 3135 etiam
674 3100 872 3136 Dziatzko:
898 3103 1143 3140 ‘maledicis’‘?
1168 3106 1191 3140 i.
1215 3118 1246 3140 e.
1271 3104 1437 3141 audesne
1461 3104 1553 3140 mihi
1582 3105 1679 3141 male
1704 3105 1855 3141 dicere?
