2242 3443
348 219 519 247 ΗκοΥκΛ
1162 205 1241 242 166

345 339 420 374 430

348 642 420 677 431

351 1193 426 1229 433

354 1346 431 1383 434

358 1653 434 1689 436

360 1958 433 1994 437

362 2187 439 2223 436

364 2339 438 2376 437

365 2492 441 2529 438

367 2720 444 2756 439

554 336 570 372 1
620 343 810 378 somnam
853 343 904 370 rr:
948 343 984 370 Ε.
1029 331 1136 369 bene
1178 330 1353 377 excepit
1396 328 1652 375 Pamphilus
1695 328 2028 375 Parmenonem,
2062 329 2110 366 ut

494 410 691 448 videatur
735 419 837 447 vera
874 408 1082 446 dicturus.
1119 408 1142 445 2
1177 417 1227 445 BT
1261 415 1428 450 omnim
1461 415 1513 443 TE
1546 415 1584 443 Ε.
1618 406 1798 452 apparet
1832 402 2108 452 Pamphilum

492 486 778 524 Parmenonis
821 484 1066 523 absentiam
1111 482 1359 521 desiderare
1398 491 1460 527 eo,
1496 481 1607 529 quod
1642 490 1759 519 nunc
1790 479 1907 528 prior
1939 478 2111 519 Parme·

495 572 653 600 nonem
688 561 939 609 alloquitur.

559 640 574 675 l
628 648 672 675 m
716 647 861 675 Ancnu
904 645 1183 675 TRANSCURSO
1227 644 1334 673 opus
1375 644 1450 672 EST
1493 639 1546 677 (α)
1581 633 1604 670 2
1637 635 1671 670 et
1704 632 1812 670 bene
1847 631 1903 670 ‘in
1937 632 2112 680 arcem’,

495 713 751 761 <quam>
794 713 986 751 Minerva
1027 711 1232 758 condidit,
1283 711 1307 749 3
1353 712 1397 749 et
1438 719 1720 748 TRANsoURso
1763 718 1838 754 pro
1882 709 2113 747 ‘transcur-

496 787 619 828 rere'.
650 791 673 828 5
703 799 774 828 cm
803 799 961 828 nomm
990 798 1091 827 cum
1120 787 1398 826 recusatione
1426 785 1814 834 pronuntiandum,
1844 785 1888 823 et
1913 786 1981 823 est
2007 784 2116 833 pigri

497 866 721 914 responsio
750 865 942 904 laborem
972 864 1024 903 ad
1053 864 1188 902 alium
1215 862 1539 902 transferentis.
1570 863 1594 900 6
1622 871 1668 899 IN
1695 870 1841 900 ARGEM
1868 860 2115 909 pronuntia,

497 945 545 981 ut
577 942 782 982 ostendat
815 952 944 989 quam
981 941 1107 988 longe
1142 940 1199 978 sit
1231 940 1274 977 in
1310 949 1456 977 arcem
1490 941 1806 977 transcurrere.

673 1009 690 1044 1
725 1019 747 1041 a
779 1008 954 1043 ostendit
986 1016 1106 1051 quam
1138 1008 1256 1050 longe
1285 1006 1352 1049 sit,
1383 1014 1474 1041 cuni
1505 1004 1557 1039 ‘in
1588 1004 1731 1040 arcem’
1762 1004 1878 1040 dicat.
1908 1003 1931 1038 4
1960 1012 2026 1039 cur
2050 1013 2116 1038 no·

616 1072 704 1098 mm
743 1063 838 1098 haec
867 1062 987 1097 verba
1015 1071 1107 1097 cum
1137 1070 1212 1096 sua
1241 1059 1570 1105 pronuntiatione
1599 1059 1680 1094 vim
1709 1057 1976 1094 recusationis
2005 1057 2043 1092 in
2075 1067 2119 1094 se
2164 1101 2168 1104 ¹
2199 1062 2206 1103 ς’

617 1117 840 1153 continent.

558 1199 631 1234 Qui
673 1198 823 1227 uncum
865 1198 906 1226 U.
948 1198 986 1225 v,
1019 1198 1057 1225 E.
1092 1188 1274 1235 apparet
1307 1195 1407 1224 eum
1441 1195 1542 1224 cum
1576 1194 1626 1224 eo
1658 1183 1820 1231 aliquid
1854 1182 2016 1231 negotii
2050 1183 2118 1220 ha-

501 1266 612 1314 bere,
647 1275 747 1304 cum
781 1265 885 1303 dicit
920 1264 1006 1311 ‘qui
1040 1273 1214 1302 mecum
1249 1272 1337 1301 una
1370 1273 1410 1300 v.
1446 1261 1497 1300 e.’

560 1351 738 1380 vovisse
770 1350 889 1379 Hunc
924 1349 1061 1378 niciam
1094 1350 1132 1378 sr
1166 1348 1334 1379 samus
1362 1348 1400 1376 n.
1435 1347 1475 1376 R.
1508 1337 1649 1376 facete
1683 1335 1816 1375 dixit:
1851 1343 1973 1373 more
2005 1334 2119 1373 enim

503 1419 582 1457 hoc
625 1416 673 1456 flt
716 1427 885 1464 eorum,
928 1417 1001 1464 qui
1034 1415 1178 1464 longis
1210 1414 1443 1453 itineribus
1475 1414 1611 1452 maris
1643 1411 1930 1461 periclitaturi
1963 1411 2125 1450 vovent

503 1494 664 1541 aliquid
707 1494 743 1532 si
788 1492 1077 1542 pervenerint,
1117 1494 1161 1531 et
1194 1491 1401 1530 convenit
1433 1490 1515 1529 hoc
1547 1488 1793 1538 Pamphilo,
1827 1497 1958 1536 quem
1991 1496 2124 1536 supra

501 1570 618 1614 (417)
652 1569 766 1609 male
799 1569 1031 1617 navigasse
1063 1568 1276 1607 audierat.

568 1649 585 1685 1
637 1656 740 1691 omn
783 1656 851 1684 vis
894 1655 1091 1684 mimum
1133 1654 1194 1683 AN
1237 1653 1493 1683 convnmAM
1529 1652 1645 1682 nono
1677 1651 1762 1681 non
1796 1641 1913 1680 enim
1946 1639 2122 1679 manda-

506 1726 630 1761 verat
662 1722 910 1771 quicquam,
945 1721 1018 1770 qui
1049 1721 1143 1760 sine
1176 1730 1310 1760 causa
1342 1719 1548 1758 mittebat
1582 1718 1746 1758 oblitus
1778 1717 1887 1757 bene
1920 1717 2123 1756 dissimu-

505 1799 594 1838 lare
627 1800 675 1838 ut
707 1799 779 1847 qui
812 1794 1109 1845 mentiuntur;
1145 1797 1169 1835 2
1203 1802 1246 1835 et
1273 1796 1338 1835 sic
1365 1794 1739 1844 pronuntiandum
1767 1794 1837 1833 ’an
1864 1793 2121 1833 conveniam

508 1876 665 1924 modo’,
700 1877 746 1913 ut
780 1874 1098 1923 reprehendere
1131 1873 1359 1912 dominum
1393 1872 1611 1910 Parmeno
1645 1871 1860 1914 videatur.

571 1953 589 1990 1
636 1962 745 1990 mmo
779 1961 892 1997 ouon
925 1960 1116 1989 ms‘m'rm
1148 1960 1207 1988 m:
1243 1960 1372 1988 nonin
1405 1949 1530 1988 deest
1557 1948 1757 1995 ‘nuntia',
1791 1949 1841 1986 ut
1872 1947 1952 1985 sit:
1986 1945 2125 1984 immo

510 2030 674 2077 nuntia,
719 2031 762 2067 et
804 2028 994 2067 sumitur
1035 2037 1060 2065 a
1101 2027 1324 2076 superiore
1370 2026 1608 2074 sententia,
1650 2034 1736 2073 qua
1766 2024 1880 2063 dixit
1912 2022 2026 2070 ‘quid
2061 2020 2128 2060 vis

509 2092 756 2144 nuntiem?

568 2181 592 2219 3
636 2191 696 2220 AN
730 2190 988 2221 οοΝνΕΝῙΑΜ
1021 2190 1137 2219 mono
1170 2179 1383 2228 εἰρωνικῶς
1417 2178 1542 2227 dixit,
1577 2188 1680 2216 nam
1713 2186 1799 2216 non
1833 2175 1915 2214 hoc
1945 2175 2128 2214 interro-

511 2259 657 2307 gantis
689 2258 961 2307 simpliciter.

573 2336 596 2372 2
630 2345 740 2374 miro
772 2343 885 2380 ouon
918 2343 1144 2373 consmrm
1177 2344 1235 2372 ΜΕ
1267 2343 1400 2372 nomn
1432 2333 1613 2381 apparet
1646 2341 1748 2370 eum
1780 2330 1894 2368 hanc
1919 2325 2128 2376 conquisi-

511 2413 602 2449 tam
637 2413 680 2450 et
712 2411 786 2449 vix
818 2420 1040 2449 corrasam
1072 2410 1298 2449 invenisse
1329 2419 1524 2449 causam.
1625 2394 1628 2395 ⁷

575 2489 593 2525 1
630 2497 743 2525 vom
774 2484 902 2540 ἠθικῇ
940 2484 1138 2538 ὑπερβολῇ
1170 2496 1276 2525 usus
1310 2487 1396 2525 est:
1430 2485 1494 2524 ita
1526 2493 1698 2532 curras,
1729 2484 1778 2522 ut
1806 2481 1956 2521 volare
1987 2476 2130 2526 magis

513 2573 645 2611 quam
691 2572 861 2601 currere
905 2562 1107 2601 videaris,
1154 2562 1178 2600 2
1215 2561 1268 2600 Et
1298 2564 1601 2600 transcurrere
1633 2559 1824 2598 iusserat
1855 2554 1986 2602 (431),
2018 2562 2132 2593 nunc

515 2640 675 2678 adiecit
707 2638 914 2687 imperio:
947 2638 1034 2676 iam
1069 2647 1156 2676 non
1190 2648 1316 2676 curre
1349 2637 1426 2676 sed
1463 2636 1564 2676 vola
1585 2631 1626 2680 ¹).
2157 2687 2160 2690 Ι

578 2717 594 2753 1
632 2724 688 2752 Ar
722 2724 806 2752 Non
841 2723 943 2752 Νονῐ
976 2723 1160 2752 Homms
1191 2724 1355 2752 FACIEM
1387 2712 1569 2751 moralis
1601 2711 1829 2760 expressio
1861 2707 2064 2757 pigritiae
2089 2705 2131 2743 in

517 2793 583 2830 tot
624 2791 983 2829 excusationibus
1027 2790 1170 2838 posita
1212 2792 1291 2828 est.
1328 2790 1352 2828 2
1386 2800 1443 2828 AT
1473 2798 1640 2828 FACIAM
1671 2797 1727 2827 m·
1759 2794 1944 2825 uovnms
1971 2785 2129 2822 stoma-

518 2868 650 2906 chose
683 2866 1055 2915 pronuntiandum
1090 2866 1177 2913 ‘at’‚
1211 2865 1324 2914 quod
1358 2867 1401 2904 et
1430 2864 1686 2913 Pamphilus
1716 2862 1877 2911 repetit
1901 2860 2050 2899 dicens
2075 2855 2134 2894 ‘at

519 2943 607 2991 <f.
640 2945 690 2982 ut
723 2944 856 2990 n.’>.

378 3038 452 3102 ’Ἷῖ
463 3038 564 3099 Vide
588 3062 675 3098 adn.
698 3062 746 3098 ad
771 3062 807 3097 h.
831 3062 854 3097 1.
