2242 3443
355 223 552 252 pnomsso
1203 212 1287 250 338

380 459 452 495 711

380 520 455 556 738

380 582 455 620 744

381 644 455 680 708

380 1199 458 1236 880

380 1260 457 1297 872

379 1383 456 1420 922

378 1568 454 1605 923

378 1692 455 1728 943

377 1754 455 1790 946

375 1816 452 1852 968

378 1877 452 1914 981

376 1939 452 1976 988

376 2062 454 2098 990

351 2184 451 2221 1027

352 2246 454 2282 1048

481 334 752 378 bacchantur',
796 338 867 370 aut
910 335 1201 371 ‘incantatores
1245 335 1332 372 sive
1375 335 1499 372 divini
1536 335 1603 380 qui
1641 337 1839 381 concepto
1879 337 1975 374 anto
2015 345 2127 375 aram

485 396 633 441 spiritu
663 396 802 432 futura
831 396 1096 440 praedicunt’.
1125 396 1225 433 Vide
1254 398 1302 433 ad
1333 397 1426 435 611.

538 458 561 494 2
591 459 668 494 An.
698 458 786 496 350.
817 459 853 494 2.
941 458 1015 495 713
1045 459 1134 494 vide
1165 468 1291 503 supra
1319 460 1367 496 ad
1396 459 1461 497 20.
1489 460 1525 496 2.
1611 458 1686 496 782
1715 458 1740 496 2
1769 458 1815 496 cf.
1847 459 1969 505 Eugr.

538 529 597 563 sq.
626 521 667 556 et
697 520 771 556 751
804 529 828 554 α
859 519 961 555 rhet.
1049 521 1125 556 735
1153 520 1199 556 cf.
1232 521 1334 558 Eun.
1362 522 1454 559 454.
1485 521 1522 558 2.

539 582 587 618 cf.
618 582 692 617 An.
722 582 809 619 286.
841 581 878 618 2.
965 581 1040 618 746
1069 582 1093 618 2
1125 583 1200 619 An.
1230 583 1319 620 602.
1355 584 1393 621 2.

535 644 559 680 2
585 642 800 687 explicatio
831 652 910 678 non
943 643 1047 678 valet
1077 644 1126 679 de
1155 644 1317 681 homine
1346 645 1528 689 fugiente
1557 645 1875 691 persecutorem,
1903 645 1974 682 sed
2003 645 2052 682 de
2080 654 2129 682 eo

485 706 551 750 qui
579 705 707 741 furem
737 714 880 749 capere
909 706 949 740 et
981 705 1157 742 mulcare
1187 707 1340 744 studet.
1424 708 1448 745 3
1473 707 1594 752 nugis
1619 707 1797 752 plenum.
1828 706 1993 743 Sloman
2023 707 2132 744 recte

485 777 576 803 cum
606 767 783 803 Donato:
811 767 863 801 ‘in
886 767 1065 811 running
1089 777 1207 813 away
1233 769 1344 805 don't
1369 779 1466 814 pass
1490 769 1559 806 the
1581 768 1711 805 house
1730 767 1754 804 i.
1771 778 1805 805 e.
1822 777 1924 814 your
1938 768 2129 806 masters·

486 829 636 873 (quidni
666 829 827 867 tuam’l
857 828 918 865 vel
947 829 1072 865 ‘don’t
1103 840 1199 875 pass
1231 841 1335 876 your
1365 830 1545 877 shanty'.
1576 831 1630 867 cf.
1661 830 1918 876 proverbium
1934 829 2133 868 Graecum

487 892 544 926 ἐπὶ
582 894 661 926 τῶν
703 892 879 933 ἐκφυγεῖν
917 893 963 925 τὰ
993 893 1094 926 δεινὰ
1125 894 1338 936 εὐχομένων
1369 906 1375 928 :
1407 895 1501 929 οἴκοι
1528 893 1716 937 γενοίμην.
1748 891 1869 929 Otto
1899 893 2030 938 Sprw.
2059 893 2128 931 77:

485 953 546 988 die
584 953 848 996 Entstehung
885 953 955 988 des
994 953 1292 998 Sprichwortes
1331 954 1494 992 mochte
1531 954 1643 991 nicht
1681 954 1751 990 auf
1779 954 1845 990 ein
1873 954 2132 1001 Kinderspiel
2180 980 2184 982 -

485 1013 835 1050 zursickzufiihren
865 1018 925 1056 (so
955 1015 1176 1063 Dziatzko)‚
1204 1019 1381 1054 sondern
1411 1019 1500 1055 dem
1531 1016 1839 1054 Soldatenleben
1865 1018 2130 1054 entnommen

485 1076 587 1121 sein,
629 1078 704 1112 etc.
748 1076 824 1112 Sed
863 1077 1101 1121 simpliciter
1134 1080 1269 1115 ortum
1299 1081 1376 1124 est,
1406 1080 1561 1125 opinor,
1592 1089 1613 1115 e
1645 1078 1729 1115 vita
1756 1078 1928 1123 privata.
1955 1079 2054 1116 Mira
2081 1080 2130 1116 de

486 1138 694 1182 proverbio
724 1138 874 1174 habent
904 1139 1162 1185 Eugraphius
1193 1142 1238 1176 ad
1269 1141 1349 1177 h.l.
1380 1143 1422 1179 et
1449 1142 1667 1187 Pompeius
1695 1139 1764 1177 Gr.
1792 1140 1816 1176 l.
1845 1141 1884 1178 5.
1912 1140 2001 1178 311.

539 1199 584 1235 cf.
616 1200 678 1235 An
709 1200 797 1236 716.
829 1200 864 1243 3,
895 1200 982 1237 959.
1012 1203 1046 1238 1.
1132 1202 1207 1239 841
1242 1204 1260 1239 1
1293 1203 1390 1240 Hec.
1421 1203 1510 1241 386.
1542 1213 1580 1238 x.
1612 1202 1649 1247 3,
1680 1202 1781 1238 Eun.
1812 1201 1901 1239 134.
1931 1202 1968 1240 3.

539 1260 587 1299 cf.
615 1261 709 1298 Hec.
735 1262 824 1299 258.
847 1262 883 1298 2.
968 1263 1046 1300 914
1072 1265 1090 1300 1
1119 1264 1344 1301 scholiasta
1367 1274 1579 1311 perperam
1604 1273 1760 1301 coram
1787 1263 2128 1309 praepositionem

486 1331 578 1358 esse
607 1323 800 1368 putabat;
833 1333 913 1359 non
943 1324 1043 1360 Don.
1074 1325 1113 1361 in
1143 1327 1179 1363 2.

540 1383 558 1419 1
591 1383 707 1419 iuxta
736 1384 835 1420 Don.
865 1384 889 1421 3
918 1385 970 1420 in.
1000 1386 1024 1423 2
1054 1398 1078 1422 α
1107 1387 1260 1424 redolet
1289 1398 1382 1425 eum
1411 1389 1479 1433 qui
1509 1389 1730 1424 identidem
1755 1388 1853 1424 citat
1875 1387 2049 1433 figuram
2067 1388 2128 1425 ‘ab

486 1453 533 1480 eo
561 1445 665 1488 quod
696 1446 897 1489 praecedit
925 1447 963 1482 id
992 1450 1096 1491 quod
1128 1450 1348 1494 sequitur';
1377 1450 1476 1486 Don.
1506 1459 1650 1495 graeco
1679 1450 1844 1486 nornine
1866 1449 2019 1495 figuras
2033 1450 2130 1487 indi—

487 1515 576 1542 care
605 1506 722 1542 solet.

538 1569 556 1604 1
601 1568 647 1604 cf.
693 1569 790 1604 Don.
833 1570 922 1607 922.
968 1570 1003 1607 3.
1088 1572 1111 1608 2
1141 1573 1346 1618 ineptum;
1378 1573 1497 1618 paulo
1526 1574 1662 1610 minus
1693 1574 1876 1618 ineptum
1903 1572 1962 1619 fit,
1992 1573 2027 1609 si
2054 1583 2127 1618 pro

487 1630 600 1665 ‘dedi’
632 1630 846 1666 scribimus
879 1631 1049 1668 ‘dedidi'.
1079 1633 1133 1669 Cf.
1164 1636 1213 1670 ad
1243 1636 1341 1681 611;
1372 1637 1451 1672 Mn.
1481 1636 1542 1674 35.
1574 1635 1663 1674 308.

537 1691 859 1729 additamentum
890 1704 961 1739 per
991 1704 1094 1731 nam
1125 1697 1226 1732 satis
1256 1699 1496 1743 suspectum
1526 1700 1603 1734 est.

536 1753 584 1790 cf.
617 1754 714 1789 Eun.
746 1755 834 1792 653.
867 1756 885 1792 1
919 1756 1034 1792 aliter
1063 1758 1110 1793 de
1139 1759 1327 1804 exemplo
1355 1759 1475 1805 Verg.
1560 1759 1639 1797 965
1667 1759 1714 1795 cf.
1743 1759 1808 1796 52.
1837 1759 1874 1796 2.

534 1816 559 1852 2
590 1815 686 1851 Hec.
716 1816 805 1853 731.
837 1818 870 1854 1.
956 1819 1033 1855 975
1062 1820 1085 1856 2
1114 1822 1318 1858 conclusio
1348 1823 1481 1859 otiosa
1509 1822 1625 1858 iuxta
1655 1822 1690 1858 1.

540 1878 558 1914 1
592 1877 638 1913 cf.
669 1878 717 1912 ad
747 1879 836 1916 936.
921 1879 998 1917 983
1030 1882 1048 1917 1
1082 1882 1154 1917 Ad.
1187 1884 1272 1920 168.

537 1939 559 1975 3
590 1939 810 1975 scholiasta
835 1941 968 1977 denuo
992 1943 1115 1978 nimio
1141 1945 1328 1981 acumine
1350 1945 1533 1982 abutitur
1557 1945 1604 1981 ad
1624 1944 1904 1982 enarrationes
1921 1944 2125 1990 speciosas

486 2000 788 2044 confingendas,

536 2072 560 2097 a
588 2062 691 2098 rhet.
722 2066 766 2098 ut
799 2065 912 2108 1014,
945 2066 1058 2111 1016,
1091 2069 1202 2105 1017.
1236 2070 1271 2105 1.
1301 2070 1338 2114 2,
1370 2070 1484 2115 1018,
1517 2069 1631 2107 1035.
1661 2067 1917 2113 Eugraphius
1945 2068 1994 2104 ad
2018 2067 2124 2104 hanc

483 2132 674 2159 scaenam
706 2133 832 2168 pauca
861 2128 900 2162 et
930 2127 1029 2162 nihil
1058 2128 1139 2165 fere
1169 2131 1216 2165 ad
1246 2140 1283 2166 v.
1316 2131 1432 2169 1016.

536 2185 582 2220 cf.
613 2184 709 2221 Hec.
740 2187 834 2225 878.
865 2188 901 2224 2.
983 2188 1087 2226 1035
1116 2191 1218 2227 rhet.
1249 2192 1294 2228 cf.
1327 2193 1416 2230 751.

536 2247 559 2283 2
590 2249 730 2283 contra
755 2248 854 2285 Don.
884 2251 926 2293 1;
953 2250 1174 2288 scholiasta
1198 2263 1343 2298 parum
1369 2256 1598 2300 opportune
1626 2252 1760 2297 refert,
1785 2252 1986 2297 Don.,sed
2002 2252 2124 2287 verba

482 2307 540 2343 ita
576 2308 742 2344 mutans
774 2312 817 2346 ut
846 2311 994 2355 aliquid
1024 2313 1119 2348 novi
1147 2314 1278 2351 dicere
1307 2316 1504 2360 videatur,
1533 2315 1640 2360 quod
1667 2314 1852 2350 Donatus
1879 2313 1959 2350 iam
1989 2313 2122 2350 docuit

487 2370 534 2404 ad
566 2368 770 2414 Adelphos
799 2373 890 2410 891.
920 2373 956 2409 2.
989 2372 1043 2409 cf.
1073 2375 1120 2410 de
1149 2377 1289 2413 eadem
1320 2386 1362 2413 re
1391 2378 1517 2414 schol.
1546 2377 1648 2414 Don.
1679 2376 1727 2411 ad
1757 2375 1859 2411 Aen.
1889 2376 1925 2412 1.
1953 2374 2014 2414 38.
