2242 3443
110 295 188 332 855

115 664 189 701 357

114 787 191 824 358

117 1157 194 1193 359

118 1525 196 1561 360

119 1896 194 1933 361

122 2266 199 2303 362

121 2451 198 2488 363

121 2637 198 2673 365

121 2698 198 2734 366

122 2761 196 2796 367

121 2883 198 2920 368

953 172 1037 209 335

270 296 304 331 A
332 296 373 330 et
402 295 431 330 Β
462 295 507 329 de
537 294 656 329 verbo
686 293 924 337 ‘sequimini’
955 304 1033 329 non
1067 294 1293 329 concinunt.
1324 294 1368 328 In
1395 294 1424 328 Β
1453 295 1517 329 vix
1543 296 1649 330 recte
1677 294 1867 338 Demipho

219 357 361 393 dicitur
403 356 533 399 aliqua
576 355 881 399 perturbatione
923 357 993 391 aut
1033 357 1143 390 metu
1185 356 1240 390 sic
1269 364 1398 399 agere,
1428 365 1517 390 cum
1548 366 1627 391 non
1658 356 1734 391 nisi
1762 355 1873 391 vehe-

220 418 344 455 menti
380 417 657 462 indignatione
696 419 927 460 moveatur;
970 417 1166 460 imprimis
1204 417 1349 452 falsum
1388 416 1556 461 videtur,
1587 419 1691 460 quod
1722 418 1759 452 in
1797 417 1873 452 fine

220 481 383 518 estt...
407 479 459 515 ‘et
496 478 681 523 progredi
718 488 797 513 non
832 479 977 513 audeat
1019 478 1095 512 nisi
1134 478 1185 512 illi
1227 478 1474 523 sequantur’,
1505 479 1667 522 parasiti
1698 479 1873 523 profecto

218 542 372 577 civibus
410 542 564 577 metum
598 539 778 583 infligere
808 549 887 574 non
919 540 1064 583 solent,
1096 541 1140 574 ut
1169 540 1354 583 progredi
1384 539 1446 574 hic
1475 549 1553 574 non
1586 541 1756 575 audeant
1788 541 1874 576 sine

222 602 447 639 comitibus.

274 664 298 700 3
335 665 374 700 et
411 664 436 698 4
472 674 496 699 a
534 662 692 699 notavit
727 662 889 698 Wessn.
998 663 1020 698 5
1052 662 1197 706 repetit
1227 671 1296 705 per
1326 671 1445 705 ergo
1474 671 1574 705 quae
1603 662 1681 697 iam
1712 666 1807 698 sunt
1836 663 1874 698 in

230 727 271 762 et
299 726 322 762 2
353 725 396 762 4.

272 789 307 822 Α
335 789 374 822 et
403 787 433 822 Β
463 787 585 822 verba
613 786 714 821 ‘vide
743 786 912 820 avaritia
940 786 1027 821 etc.'
1059 785 1165 820 varie
1195 785 1412 830 explicant,
1444 785 1519 819 nisi
1548 786 1650 828 quod
1681 785 1710 819 Β
1735 785 1774 819 in
1799 785 1876 820 fine

221 847 389 884 alteram
418 847 525 882 illam
555 847 754 883 rationem
783 847 958 882 breviter
986 847 1147 881 indicat.
1180 846 1387 882 Probanda
1415 848 1453 881 et
1483 846 1638 881 Donato
1667 847 1795 881 danda
1816 848 1878 882 est

221 910 428 944 adnotatio
466 909 510 952 Β,
549 919 645 944 vera
683 910 722 944 et
761 918 852 944 curn
884 909 1070 952 exemplo
1100 909 1255 943 idoneo.
1286 908 1331 942 In
1363 909 1396 942 A
1425 907 1655 951 exemplum
1686 907 1878 952 Sallustii,

221 971 334 1006 cuius
359 980 484 1015 pauca
509 973 669 1006 tantum
685 971 808 1006 verba
822 971 1059 1015 redduntur,
1076 979 1329 1013 nequaquam
1347 970 1523 1012 docetur,
1540 969 1643 1012 quod
1661 969 1878 1004 scholiasta

222 1032 336 1068 dicit:
372 1032 567 1077 populum
605 1031 794 1067 concitari
832 1031 867 1066 si
896 1041 1020 1075 egens
1050 1031 1335 1067 contemnitur.
1366 1031 1421 1066 De
1452 1030 1600 1075 populo
1628 1032 1762 1066 autem
1791 1040 1876 1066 con-

221 1094 380 1131 citando
409 1095 449 1130 in
479 1093 610 1129 verbis
640 1093 894 1129 Phormionis
925 1103 1059 1129 sermo
1089 1103 1178 1128 esse
1208 1093 1275 1128 vix
1304 1094 1452 1137 potest.

274 1156 455 1200 Utraque
486 1156 767 1200 interpretatio
798 1154 833 1191 A
862 1157 903 1191 et
931 1156 961 1190 B
990 1156 1028 1190 in
1060 1157 1290 1191 commento
1320 1155 1496 1190 adfuisse
1525 1154 1593 1188 vix
1623 1155 1765 1198 potuit.
1794 1154 1824 1188 Β
1855 1154 1873 1189 1

224 1218 411 1254 convenit
449 1228 541 1254 cum
579 1218 654 1253 hoc
682 1217 766 1253 loco
798 1217 863 1252 ubi
892 1216 1004 1261 falsa,
1035 1219 1075 1252 et
1104 1217 1223 1252 simul
1253 1226 1343 1251 cum
1373 1216 1573 1252 Ciceronis
1603 1216 1786 1260 exemplo
1815 1216 1881 1250 ubi

224 1290 317 1316 vera
344 1280 593 1316 insimulatio
622 1279 879 1324 proponit-,um
911 1279 1031 1314 simul
1059 1278 1220 1322 corrigit
1249 1278 1457 1321 vulgarem
1486 1277 1877 1322 interpretationem,

223 1351 325 1385 quae
363 1343 425 1378 est
463 1342 568 1385 apud
602 1341 790 1377 Festum:
830 1341 990 1376 ‘crimen
1032 1340 1285 1384 confingere’,
1321 1349 1501 1383 quaeque
1530 1340 1665 1374 minus
1694 1341 1878 1375 accurate

222 1403 261 1438 in
306 1404 340 1438 A
382 1404 400 1438 1
447 1402 589 1438 dicitur
629 1402 790 1438 ‘crimen
828 1401 1039 1446 ingerere’.
1078 1401 1265 1437 Ceterum
1296 1410 1483 1445 compara
1512 1402 1558 1436 ad
1588 1401 1681 1436 Hec.
1713 1401 1800 1437 779.
1834 1401 1878 1435 1:

222 1464 323 1499 falsa
350 1464 615 1500 insimulatio.

275 1525 319 1569 B,
349 1535 440 1560 cum
467 1525 657 1561 Phormio
686 1525 889 1561 neminem
920 1526 1081 1561 accuset
1109 1526 1177 1560 aut
1208 1534 1397 1561 accusare
1425 1524 1554 1568 possit
1583 1525 1738 1568 praeter
1755 1524 1880 1559 Demi-

224 1586 413 1631 phonem,
453 1587 714 1623 manifestum
752 1589 816 1623 est
850 1586 998 1623 ‘etiam'
1032 1587 1281 1631 iungendum
1311 1597 1403 1622 esse
1432 1596 1522 1622 cum
1553 1586 1696 1631 ‘ultr0’,
1726 1586 1879 1629 pugnat

225 1658 316 1684 cum
355 1649 429 1684 hoc
465 1650 568 1692 quod
606 1648 835 1693 scholiasta,
874 1649 1039 1684 obscure
1075 1658 1172 1684 sane
1200 1650 1238 1683 et
1268 1648 1446 1693 pessima
1475 1647 1687 1692 latinitate,
1715 1647 1881 1682 innuere

225 1710 382 1746 videtur
417 1711 568 1746 verbis:
610 1709 748 1746 ‘altero
789 1711 893 1754 quod
929 1710 1023 1745 dicit
1061 1710 1208 1745 ‘etiam'
1239 1711 1321 1753 etc;
1351 1709 1529 1753 Antipho
1559 1709 1644 1752 ipse
1673 1711 1880 1744 accusator

225 1772 312 1817 fuit,
350 1773 395 1808 ut
431 1772 628 1808 indicatur
667 1773 705 1807 in
740 1773 795 1807 A:
828 1771 932 1815 ‘quid
962 1773 1128 1808 absente
1159 1774 1272 1816 patre
1300 1771 1520 1807 defenderit
1549 1770 1679 1805 filius'.
1706 1770 1881 1805 Attende

225 1833 347 1870 etiam
375 1835 642 1870 structuram:
673 1833 754 1869 vim
782 1833 1003 1869 adhibitam
1033 1843 1123 1869 cum
1154 1833 1364 1869 infinitivo.

279 1897 309 1931 B
349 1896 368 1931 1
407 1895 448 1931 in
486 1896 560 1932 hoc
598 1896 749 1931 scholio
788 1896 929 1931 verba:
962 1896 1213 1931 ‘ostendit
1241 1895 1370 1931 adhuc
1399 1893 1696 1930 succensuisso’
1726 1903 1810 1936 sqq.
1841 1893 1881 1928 et

228 1957 487 1994 ‘ostendit
514 1958 836 2009 contradixisse’‚
868 1967 953 2001 sqq.
979 1957 1230 2001 significant:
1261 1957 1399 2002 patri
1430 1956 1712 1992 ostendere
1741 1964 1879 1990 cona·

227 2020 327 2066 tur,
369 2019 507 2064 patri
548 2021 846 2064 persuadet;
893 2020 1042 2055 etenim
1085 2020 1262 2064 Antipho
1302 2028 1504 2062 nusquam
1543 2017 1774 2053 succensuit
1810 2025 1882 2051 nec

227 2081 468 2117 contradixit
510 2080 754 2126 Phormioni,
797 2081 919 2116 immo
962 2090 1043 2116 una
1083 2090 1174 2116 cum
1213 2090 1260 2116 eo
1298 2089 1340 2115 se
1378 2079 1529 2115 victum
1558 2088 1648 2114 esse
1680 2077 1881 2113 fatebatur

229 2145 279 2184 (v.
321 2142 420 2185 136).
461 2142 507 2177 In
544 2143 578 2176 A
616 2143 640 2178 2
678 2143 874 2178 habemus
915 2143 1152 2186 excerptum
1193 2152 1243 2178 ex
1282 2142 1379 2177 Don.
1417 2142 1447 2176 Β
1484 2142 1517 2176 1.
1552 2141 1582 2175 Β
1616 2141 1640 2176 2
1668 2148 1807 2175 vereor
1836 2140 1881 2173 ut

227 2204 385 2240 Donato
414 2204 497 2240 dari
526 2205 655 2249 possit
683 2204 799 2240 iuxta
830 2205 863 2249 1,
894 2204 959 2239 ubi
991 2205 1204 2240 verborum
1234 2204 1404 2239 intentio
1433 2202 1508 2238 alia
1536 2202 1661 2237 fuisse
1692 2201 1844 2236 dicitur.

282 2267 312 2301 Β
340 2266 363 2303 6
393 2265 516 2301 schol.
546 2265 663 2302 iuxta
693 2267 792 2301 Don.
876 2265 900 2300 4
925 2275 1075 2309 vagum
1101 2267 1142 2302 et
1166 2266 1234 2300 vix
1259 2274 1415 2308 verum;
1443 2264 1621 2308 Antipho
1638 2273 1728 2298 eum
1745 2263 1881 2297 minus

229 2328 347 2363 norat
388 2327 479 2371 quia
516 2327 596 2363 iam
634 2320 767 2363 senior
795 2327 876 2362 ruri
905 2326 986 2362 fere
1015 2327 1196 2370 degebat.
1226 2327 1410 2362 Ceterum
1440 2325 1485 2360 cf.
1516 2324 1610 2360 Hec.
1639 2324 1722 2368 prol
1755 2323 1813 2358 11.
1843 2323 1880 2367 2,

231 2380 302 2425 Ad'.
333 2389 422 2426 673.
455 2389 488 2425 1.

277 2451 312 2486 A
341 2451 365 2487 2
394 2461 445 2487 ex
475 2451 574 2486 Don.
606 2450 636 2485 Β
666 2451 712 2493 2;
743 2451 832 2485 tum
862 2450 900 2484 in
930 2451 965 2485 A
992 2450 1015 2486 3
1047 2459 1127 2485 non
1157 2459 1295 2485 verum
1329 2451 1413 2485 est:
1445 2458 1585 2485 senem
1613 2458 1656 2484 se
1686 2447 1767 2483 ruri
1796 2456 1883 2482 con-

225 2512 398 2549 tinuisse
439 2513 580 2548 contra
620 2511 888 2556 voluntatem,
929 2520 1002 2546 nec
1045 2520 1114 2555 per
1153 2521 1196 2546 se
1235 2511 1411 2547 definitio
1448 2511 1555 2546 iusta
1592 2519 1684 2546 esse
1713 2509 1883 2544 videtur.

228 2574 252 2611 5
281 2575 312 2610 Β
340 2584 365 2610 a
393 2573 554 2610 notavit
586 2573 747 2608 Wessn.

278 2637 314 2672 A
342 2635 516 2671 breviter
545 2634 674 2670 reddit
703 2643 806 2677 quae
837 2635 934 2668 sunt
965 2634 1002 2668 in
1035 2635 1065 2669 Β
1095 2635 1131 2670 2.
1216 2634 1238 2670 3
1268 2634 1370 2670 rhet.

280 2698 310 2733 Β
342 2699 361 2735 1
394 2699 435 2732 et
463 2696 541 2733 354
572 2697 599 2730 Β
631 2696 649 2731 1
683 2695 764 2730 fere
793 2694 940 2730 similia
969 2695 1016 2730 cs.
1045 2696 1167 2739 praef.
1279 2696 1302 2731 2
1332 2695 1434 2730 rhet.

279 2760 310 2795 Β
347 2759 371 2796 3
401 2759 457 2794 sic
485 2758 609 2793 etiam
640 2755 869 2791 Bentleius:
910 2766 1159 2801 umquam,
1199 2757 1246 2791 in
1290 2757 1398 2791 vita
1427 2765 1546 2799 mea,
1575 2757 1615 2790 et
1643 2754 1805 2789 Sloman
1835 2753 1883 2787 in

230 2831 308 2866 my
336 2820 438 2856 life.
467 2820 595 2855 Aliter
625 2817 750 2854 schol.
781 2819 815 2852 A
844 2820 884 2853 et
913 2818 944 2853 B
975 2818 1010 2853 2.

279 2884 326 2918 de
365 2883 439 2918 loci
478 2879 696 2916 difficillimi
735 2878 909 2920 (‘Videas
948 2881 988 2915 te
1019 2881 1139 2923 atque
1167 2880 1291 2924 illum,
1322 2882 1366 2914 ut
1394 2878 1566 2919 narras’)
1594 2876 1884 2921 significatione

229 2946 314 2980 tam
341 2943 482 2980 incerti
510 2943 677 2978 fuerunt
706 2942 865 2976 veteres
895 2950 1014 2984 quam
1042 2941 1170 2977 adhuc
1198 2943 1294 2976 sunt
1323 2941 1577 2983 recentioreS‚
1602 2947 1771 2982 quorum
1796 2947 1884 2973 sen·

229 3006 380 3042 tentias
409 3006 501 3040 inde
530 3014 552 3040 a
580 3002 762 3038 Bentleio
791 3003 964 3049 breviter
991 3003 1199 3047 composui
1229 3003 1268 3037 in
1298 3002 1441 3037 Mnem.
1465 3001 1528 3037 35.
1553 3001 1628 3037 294
1653 3010 1710 3043 sq.
1736 3001 1805 3042 (=
1820 2998 1885 3035 lib.

160 3084 164 3087 ·
234 3077 271 3113 p.
314 3067 387 3104 122
426 3067 514 3112 sq),
553 3065 620 3100 ubi
656 3063 842 3099 omnibus
873 3065 1081 3108 perpensis
1112 3065 1343 3100 dubitanter
1371 3064 1427 3099 sic
1455 3063 1650 3100 conclusi:
1680 3062 1835 3097 Donato
1865 3070 1886 3096 e
