2242 3443
17 3322 27 3443 -v-v-ss-ss
19 3288 22 3315 -
19 3253 21 3260 -

151 349 223 386 157

149 500 226 539 159

152 957 224 992 161

154 1415 233 1451 163

159 2210 231 2246 164

158 2586 233 2621 165

162 3092 236 3145 ’166

998 225 1048 261 19

354 358 570 393 NUNQUAM
612 359 685 397 pro
728 358 827 386 non.
871 347 1093 395 Vergilius
1126 348 1247 388 (Aen.
1268 348 1307 386 2.
1328 348 1428 390 670)
1463 346 1719 395 ‘numquam
1753 357 1906 386 omnes

294 423 422 463 hodie
458 426 697 463 moriemur
729 424 890 462 inulti’.

355 500 378 537 2
413 511 575 538 ITERUM
607 511 662 538 UT
696 504 896 539 vAPULE'T
930 499 1143 537 vivaciter
1186 501 1315 547 poeta
1353 499 1538 546 priorem
1573 499 1696 537 litem
1729 499 1910 538 sustulit

296 575 476 615 dicendo
521 577 724 623 ‘iterum',
771 579 817 613 ut
859 585 944 613 non
989 575 1140 613 eadem
1185 575 1239 612 lis
1283 576 1417 621 esset,
1462 575 1513 613 de
1547 586 1632 622 qua
1662 587 1793 625 supra
1822 577 1910 631 (89)

295 654 475 698 questus
518 655 584 690 est
626 652 806 699 Demea,
843 652 918 689 sed
952 651 1199 688 instaurata
1232 652 1451 689 noscatur.
1486 651 1510 689 3
1546 662 1786 691 coMMrTTET
1820 665 1909 703 per-

293 725 426 776 ficiet,
461 728 536 765 sed
569 729 652 766 hoc
685 727 855 776 proprie
887 727 938 764 de
969 726 1137 765 illicitis
1171 729 1215 765 et
1248 727 1479 774 puniendis
1511 727 1777 768 facinoribus
1809 731 1909 770 dici-

295 812 414 850 mus;
459 803 592 842 simul
631 804 700 841 hic
734 803 926 841 ostendit
959 803 1154 841 comicus
1186 803 1444 841 adulescens
1477 804 1653 842 caedem
1689 816 1736 844 se
1769 807 1914 846 lenoni

297 877 487 917 invitum
520 879 720 918 intulisse
754 880 797 917 et
829 879 870 917 id
904 879 1062 918 fecisse
1098 880 1140 917 et
1167 878 1308 917 facere
1336 879 1507 917 lenonis
1534 880 1677 928 culpa,
1708 891 1790 919 non
1820 892 1913 921 sua.

355 965 464 993 LENo
507 966 594 993 sum
640 955 765 993 ‘leno'
808 955 1061 994 terribiliter
1099 955 1492 1003 pronuntiandum,
1529 957 1653 1002 quasi
1686 957 1800 994 dicat
1834 957 1915 995 ‘cui

295 1031 478 1079 supplex
508 1032 628 1078 eris’;
656 1031 730 1070 sed
761 1041 816 1069 ex
843 1032 1104 1079 argumento
1134 1033 1220 1078 est,
1251 1031 1363 1077 quod
1392 1031 1636 1069 contemnit
1668 1032 1915 1070 Aeschinus

297 1106 468 1146 lenonis
501 1109 664 1155 minas,
701 1109 853 1156 utpote
880 1108 951 1155 qui
977 1107 1065 1145 iam
1094 1117 1279 1145 uxorem
1308 1107 1552 1145 decreverit
1578 1107 1747 1145 ducere.
1776 1108 1800 1145 2
1825 1117 1914 1146 sero

298 1182 369 1221 hic
400 1184 463 1221 sic
497 1183 740 1231 respondit,
780 1183 905 1230 quasi
937 1183 980 1220 in
1014 1183 1171 1221 lenone
1205 1183 1390 1221 minutio
1424 1182 1580 1230 capitis
1612 1184 1783 1221 tantum
1819 1193 1914 1221 con-

298 1258 489 1298 sisteret.
524 1259 548 1297 3
582 1270 680 1297 FIDE
714 1268 939 1304 QUISQUAM
973 1268 1135 1296 OPTIMA
1168 1258 1317 1296 fides
1344 1260 1387 1296 in
1417 1258 1710 1306 concipiendis
1738 1260 1913 1298 commi·

299 1335 556 1374 nationibus
588 1335 864 1373 denuntiatio
898 1334 1212 1373 comminantis
1247 1336 1328 1372 est.

367 1413 385 1450 1
421 1422 557 1450 HUIUS
590 1422 676 1450 NON
708 1423 875 1450 FAorAM
907 1410 1092 1460 figurate
1127 1412 1253 1459 ‘quod
1287 1414 1329 1450 te
1362 1422 1542 1460 purges,
1576 1411 1706 1450 huius
1738 1422 1824 1451 non
1858 1413 1914 1450 fa·

300 1487 441 1526 ciam’.
476 1489 500 1526 2
534 1490 587 1528 (α)
615 1489 773 1526 ‘huius'
804 1490 952 1526 autem
983 1486 1197 1525 ὀεικτικόνε
1227 1489 1302 1525 aut
1331 1488 1447 1525 enim
1477 1488 1685 1535 stipulam
1717 1490 1792 1526 aut
1819 1488 1914 1526 floc-

300 1573 399 1602 cum
429 1567 630 1602 moverat
656 1568 732 1602 aut
764 1574 990 1602 summum
1026 1563 1227 1610 digitum.
1262 1564 1285 1601 5
1320 1573 1445 1601 MEUM
1478 1573 1547 1602 ius
1581 1574 1725 1602 meam
1756 1564 1912 1602 vindic-

298 1641 410 1688 tam,
446 1650 543 1678 nam
580 1644 627 1678 ut
659 1639 734 1677 illa
766 1640 979 1677 iniuria
1012 1640 1127 1682 (162)
1160 1640 1246 1688 est,
1281 1649 1392 1686 quae
1424 1638 1472 1677 fit
1504 1640 1701 1688 innoxio,
1736 1640 1798 1678 ita
1830 1641 1916 1678 ius

302 1716 494 1754 vindicta
534 1715 628 1764 illa,
673 1726 784 1763 quae
828 1716 1024 1754 redditur
1064 1725 1152 1754 reo.
1187 1717 1212 1754 6
1247 1725 1501 1760 PERSEQUAR
1534 1716 1732 1764 ulciscar,
1768 1715 1915 1754 Cicero

298 1788 447 1834 (divin.
466 1792 508 1830 in
528 1791 685 1832 Caecil.
706 1793 774 1836 53)
811 1791 890 1837 ‘tu‚
922 1792 1025 1830 dum
1046 1793 1146 1829 tuas
1173 1792 1357 1830 iniurias
1385 1802 1459 1840 per
1487 1794 1530 1830 te
1551 1793 1662 1830 —id
1691 1793 1802 1840 quod
1830 1803 1915 1830 non

301 1871 425 1918 potes
457 1891 493 1895 —
547 1870 747 1918 persequi
791 1869 993 1908 conaris’.
1038 1870 1060 1907 7
1105 1879 1242 1908 Huius
1279 1879 1366 1907 NON
1398 1879 1564 1907 FAorAM
1598 1868 1746 1908 Cicero
1779 1868 1913 1912 (Verr.

302 1946 462 1996 2124)
494 1944 559 1984 ‘ne
592 1945 813 1984 tantulum
849 1945 1024 1992 quidem
1060 1948 1309 1984 commotus
1343 1946 1438 1984 est’.

474 2019 497 2055 2
525 2031 548 2054 α
587 2010 694 2063 Ergo
730 2020 848 2063 ‘quod
877 2021 917 2055 te
947 2020 1109 2063 purges'
1141 2020 1177 2054 id
1207 2021 1286 2055 est:
1317 2019 1602 2064 purgationem
1632 2021 1756 2055 tuam.
1789 2020 1810 2055 3
1837 2029 1914 2054 'neo

420 2083 535 2108 MEUM
564 2083 628 2109 ms
657 2084 894 2115 PERSEQUAR
924 2074 999 2109 hoc
1030 2076 1094 2109 est
1121 2074 1327 2109 lenonum.
1357 2074 1380 2108 4
1409 2083 1523 2108 MEUM
1554 2083 1618 2108 ms
1648 2083 1778 2108 meam
1804 2073 1912 2109 liber-

420 2129 560 2166 tatem.

368 2209 386 2245 1
415 2217 557 2253 NEQUE
586 2218 641 2246 'ru
669 2218 822 2246 vensis
851 2218 1008 2246 semes
1037 2218 1227 2253 UMQUAM
1255 2218 1366 2253 Quoi)
1394 2218 1494 2245 MIHI
1523 2217 1576 2245 RE
1598 2217 1717 2245 MALE
1740 2217 1913 2244 Faenius

300 2289 530 2334 γνωμικῶς,
560 2285 614 2324 (α’)
657 2284 681 2321 2
719 2285 761 2322 et
793 2294 950 2322 sonvas
983 2283 1099 2331 lues,
1134 2283 1376 2331 persolveS‚
1412 2283 1452 2321 id
1486 2285 1551 2321 est
1585 2283 1833 2320 satisfacies
1866 2293 1915 2320 ac

296 2361 343 2398 .te
370 2360 590 2408 purgabis.
621 2362 645 2399 3
674 2370 728 2398 RE
754 2371 873 2399 MALE
901 2370 1076 2397 FECERIS
1097 2360 1339 2398 acuendum
1360 2361 1428 2397 est
1452 2358 1524 2397 ‘re'
1548 2360 1591 2396 et
1615 2357 1913 2406 significanter

302 2436 630 2484 proferendum:
663 2436 722 2474 ibi
755 2437 873 2475 enim
906 2435 1128 2474 sententia
1160 2437 1239 2473 est.

474 2511 498 2545 4
528 2511 573 2545 Et
601 2510 691 2555 plus
720 2511 820 2545 dixit
849 2510 965 2545 ‘male
992 2508 1146 2545 feceris'
1175 2518 1293 2552 quam
1323 2508 1522 2543 ‘iniuriam
1551 2507 1717 2544 feceris’.

365 2585 383 2620 l
419 2592 522 2620 NOVI
552 2593 633 2621 neo
666 2593 833 2620 vns'rRA
865 2592 982 2620 HAEC
1014 2579 1200 2629 ἔλλειψις.
1227 2583 1280 2620 (α)
1310 2581 1333 2618 2
1363 2590 1432 2619 ius
1459 2589 1693 2618 IURANDUM
1721 2588 1912 2616 DAssirmz

303 2658 383 2697 hoc
411 2660 496 2697 est:
525 2659 768 2698 iurabimus
794 2661 838 2697 te
866 2658 1094 2705 indignum
1122 2667 1237 2704 esse,
1267 2656 1334 2694 cui
1363 2656 1520 2694 iuiuria
1543 2654 1620 2693 fiat
1639 2653 1910 2700 huiusmodi;

305 2733 330 2771 3
365 2735 440 2771 aut
471 2734 706 2782 separatim
742 2733 1062 2771 ‘iusiurandum
1095 2731 1283 2780 dabitur,
1311 2733 1355 2769 et
1381 2731 1618 2778 separatim
1648 2729 1704 2768 ‘te
1730 2739 1825 2767 esse
1851 2729 1909 2766 in-

304 2809 483 2857 dignum
516 2810 675 2848 iniuria
707 2810 817 2857 hac',
846 2810 872 2847 4
900 2810 944 2847 et
970 2808 1034 2847 sic
1060 2807 1238 2845 melius:
1269 2807 1438 2844 verba
1470 2806 1588 2844 enim
1618 2805 1908 2851 satisfacient,

306 2895 405 2924 cum
447 2895 535 2924 res
577 2885 797 2932 colligitur
837 2885 882 2922 in
924 2883 1201 2931 generalibus
1242 2883 1407 2929 causis,
1442 2891 1544 2919 nam
1577 2890 1707 2928 saepe
1740 2880 1828 2917 irae
1861 2888 1911 2916 ac

304 2961 404 2999 lites
435 2963 539 3000 sunt
570 2961 846 2999 iureiurando
878 2960 1157 2998 terminatae.

479 3036 497 3070 1
529 3045 553 3070 a
580 3036 695 3070 deest
724 3035 829 3070 enim
861 3033 1021 3069 ‘verba'.

298 3116 523 3146 .1ND1GNUM
556 3116 729 3144 INIURIA
766 3116 850 3143 HAc
883 3105 1050 3142 comice
1083 3103 1323 3150 ‘indignum
1344 3131 1352 3140 .
1374 3132 1382 3140 .
1404 3131 1410 3140 .
1430 3100 1650 3147 indignis'.
