2242 3443
931 168 1013 205 159

246 303 420 333 AGEBAT
453 303 583 341 quam
612 293 924 342 intempestive
951 293 1079 331 miles
1108 294 1160 332 ad
1186 303 1332 341 regem
1361 293 1598 332 transitum
1617 293 1740 342 fecit,
1761 303 1860 332 cum

245 370 297 410 de
329 371 560 409 meretrice
594 372 773 418 agatur!

99 451 174 487 396
299 446 322 483 2
357 455 472 491 QUAE
504 456 630 485 FACIO
662 456 802 484 OMNIA
829 444 999 493 ἔλλειψις
1031 445 1102 484 vel
1134 445 1367 494 σύλλημψις.

99 526 174 563 397
299 522 324 560 3
367 532 447 559 VEL
489 532 574 559 REX
617 523 665 560 ut
703 523 748 560 in
781 522 954 569 Hecyra
987 524 1041 562 (v,
1076 520 1148 570 60)
1184 520 1267 560 ‘vel
1301 521 1368 559 hic
1402 520 1659 568 Pamphilus
1691 519 1863 558 iurabat

246 597 446 645 quotiens
478 597 701 645 Bacchidi,
736 608 866 645 quam
901 598 1080 636 sancte'.

419 672 441 706 4
483 681 554 706 VEL
591 681 671 707 REX
699 682 740 706 M.
771 682 802 706 s.
829 681 868 707 M.
900 681 939 706 A.
971 670 1213 706 subauditur
1243 670 1420 714 ‘gratias'
1452 670 1498 705 ab
1529 679 1574 705 eo
1605 671 1709 713 quod
1739 679 1863 714 supra

364 724 465 760 dixit
495 726 679 770 ‘magnas
708 735 802 761 vero
832 735 950 769 agere
980 725 1134 769 gratias
1165 724 1286 760 Thais
1319 723 1460 759 mihi?'
1491 727 1541 765 (v.
1572 724 1677 767 391).

98 801 175 837 399
298 807 478 835 PARTAM
519 807 714 836 GLOErAM
756 797 796 836 id
841 798 909 836 est
952 807 1060 844 quae
1102 796 1288 845 paritur,
1331 797 1381 834 ut
1424 795 1591 834 ‘vectus
1623 805 1732 843 equo
1765 805 1861 844 spu-

216 874 365 911 mante
398 873 544 911 Saces'
577 874 700 917 (Aen.
738 873 801 911 12.
836 874 947 913 651).

99 952 175 987 400
303 949 322 986 1
368 956 440 992 QUI
483 959 628 986 HABET
671 959 814 987 SALEM
855 948 922 987 sal
964 948 1224 987 neutraliter
1267 948 1597 986 condimentum
1630 948 1714 995 est,
1751 957 1862 985 mas·

247 1023 388 1063 culine
420 1025 649 1073 sapientia.
683 1026 706 1062 2
734 1034 888 1062 vERffls
915 1034 1051 1062 SAEPE
1078 1035 1122 1062 IN
1150 1034 1198 1061 SE
1225 1033 1511 1061 TRANSMOVET
1540 1033 1613 1068 QUI
1636 1034 1680 1061 H.
1700 1033 1733 1061 S.
1753 1023 1864 1061 mire

243 1099 470 1138 adulatur:
504 1100 584 1138 hoc
617 1100 816 1138 attribuit
848 1100 979 1138 militi
1012 1099 1123 1148 quod
1157 1099 1341 1138 minime
1374 1098 1518 1138 habet.
1553 1101 1607 1143 (α)

416 1175 438 1210 2
469 1184 492 1208 α
522 1174 582 1209 vel
613 1175 766 1210 verba
794 1174 855 1210 vel
885 1173 1057 1209 salem.

99 1249 172 1286 401
303 1247 322 1283 1
363 1255 465 1291 Qum
499 1255 543 1284 1N
578 1257 629 1284 TE
661 1256 736 1284 EST
769 1245 881 1293 quod
914 1247 962 1284 tu
995 1245 1145 1284 habes.
1181 1246 1205 1283 3
1240 1255 1384 1283 HABES
1415 1255 1491 1293 pro
1524 1244 1767 1293 intellegis;
1801 1245 1864 1283 sic

247 1321 403 1360 dicitur
437 1321 609 1370 ‘accipe’
642 1323 685 1361 et
718 1318 811 1361 ‘da'.
842 1324 865 1360 5
894 1332 980 1360 REX
1008 1332 1059 1360 TE
1087 1331 1197 1360 ERGO
1225 1331 1270 1359 IN
1299 1331 1447 1361 ocums
1475 1331 1664 1359 SCILICET
1685 1330 1863 1359 GESTIRE

246 1398 342 1436 vide
383 1399 654 1437 inconditam
694 1399 1042 1447 properationem
1086 1398 1254 1437 laudari
1296 1407 1343 1436 se
1387 1398 1606 1445 cupientis
1649 1398 1772 1446 adeo,
1816 1399 1865 1436 ut

247 1484 333 1513 non
373 1474 491 1513 sinat
532 1474 666 1513 verba
708 1474 929 1523 compleri,
970 1474 1074 1521 quin
1106 1474 1395 1523 praefestinet
1428 1472 1625 1512 ‘scilicet’
1657 1475 1701 1512 et
1733 1473 1863 1512 ‘vere'

249 1549 402 1589 dicere.

420 1625 442 1660 2
480 1621 501 1645 *
538 1633 669 1660 HABES
707 1623 928 1668 intellegis:
969 1625 1072 1668 quod
1101 1623 1208 1659 enim
1238 1624 1426 1658 tenemus
1456 1632 1638 1667 corpore,
1668 1623 1863 1658 habemus

366 1688 540 1722 quoque;
572 1679 669 1714 item
699 1678 833 1714 animo
857 1681 960 1722 quod
984 1678 1179 1713 habemus
1194 1696 1209 1719 ,ι
1226 1677 1513 1721 intellegimus.
1540 1678 1562 1711 4
1587 1686 1718 1712 HABES
1734 1677 1768 1712 id
1801 1679 1867 1713 est

366 1733 482 1778 diciS‚
522 1734 567 1768 ut
601 1732 818 1768 Sallustius
849 1732 907 1772 (fr.
937 1733 986 1768 H.
1018 1732 1056 1767 Π
1087 1734 1109 1767 5
1138 1732 1215 1773 Μ.).
1247 1731 1499 1767 ‘Tartessum
1528 1730 1745 1776 Hispaniae
1775 1731 1866 1767 civi-

367 1788 513 1831 tatem,
544 1796 663 1830 quam
693 1796 800 1822 nunc
830 1787 939 1831 Tyrii
969 1788 1126 1822 mutato
1156 1785 1318 1822 nomine
1348 1785 1566 1821 Gaddirum
1592 1784 1766 1821 habent'.

101 1861 175 1898 402
301 1859 324 1896 2
368 1867 560 1896 CREDEEE
597 1868 749 1897 OMNEM
782 1868 1032 1896 EXERCITUM
1066 1868 1263 1896 CONSILIA
1297 1856 1377 1895 sub
1411 1856 1593 1895 obtentu
1625 1856 1781 1895 militis
1814 1867 1865 1895 ea

247 1934 438 1972 stultitia
459 1929 486 1980 ¹)
519 1934 750 1982 descripsit
780 1934 972 1972 breviter
1010 1934 1217 1972 comitem
1245 1933 1415 1981 regium
1445 1933 1761 1980 acceptumque
1788 1934 1869 1971 im—

244 2010 455 2058 peratori;
483 2012 541 2064 (a)
569 2009 790 2058 Vergilius
817 2009 953 2048 ‘nulla
981 2010 1091 2048 meis
1117 2009 1212 2048 Sine
1242 2011 1283 2048 te
1311 2009 1544 2057 quaeretur
1570 2008 1709 2057 gloria
1735 2009 1865 2047 rebus

250 2097 327 2126 seu
368 2096 520 2135 pacem
559 2097 636 2125 seu
672 2086 787 2125 bella
818 2096 993 2135 geram:
1028 2085 1106 2124 tibi
1139 2086 1338 2125 maxima
1369 2095 1515 2124 rerum
1548 2084 1867 2132 verborumque

247 2162 369 2202 fides'
401 2162 522 2203 (Aen.
557 2162 655 2201 278.
686 2163 770 2208 39).

423 2238 440 2272 1
472 2247 652 2273 CREDERE
681 2246 818 2272 OMNEM
847 2246 1077 2272 EXERCITUM
1107 2236 1236 2279 magis
1267 2236 1430 2282 ridebis,
1460 2235 1495 2270 Si
1519 2235 1748 2270 consideres
1770 2234 1865 2269 mili-

304 2319 307 2326 .
368 2293 452 2327 tem
490 2293 645 2334 μάταιον
682 2301 791 2335 esse,
822 2290 888 2334 qui
916 2291 1009 2326 dicit
1038 2291 1211 2326 ‘credere
1240 2299 1401 2326 omnem
1430 2288 1665 2325 exercitum'
1696 2290 1737 2324 et
1765 2288 1864 2323 ‘con—

369 2344 489 2380 silia':
521 2345 542 2380 2
573 2355 596 2380 α
626 2355 720 2380 nam
750 2345 816 2388 qui
846 2354 954 2380 nunc
983 2345 1106 2380 credit
1135 2344 1377 2389 exercitum⁷
1411 2344 1534 2379 credit
1563 2347 1602 2380 et
1631 2343 1808 2379 consilia.

107 2419 181 2457 403
306 2418 326 2455 1
371 2426 569 2455 coNS1L1A
611 2414 793 2466 αὔξησις;
837 2416 935 2465 plus
969 2418 1037 2455 est
1070 2415 1279 2455 ‘consilia’
1313 2425 1445 2463 quam
1478 2417 1597 2454 totus
1630 2414 1863 2453 exercitus.

253 2493 277 2530 2
321 2503 465 2531 MIRUM
506 2493 666 2532 melius
698 2503 773 2542 per
805 2491 1010 2542 εἰρωνείαν
1042 2492 1382 2541 pronuntiamus
1416 2491 1629 2530 ‘mirum':
1665 2491 1786 2539 quid,
1820 2492 1864 2529 ni

253 2569 444 2607 crederet
475 2568 554 2607 tali
581 2569 706 2607 viro?
738 2569 762 2606 3
791 2568 868 2607 sed
896 2569 1040 2616 potest
1065 2568 1202 2606 etiam
1230 2567 1489 2615 Simpliciter
1507 2577 1583 2615 pro
1602 2567 1863 2605 admirantis

253 2646 378 2693 gestu
410 2645 559 2693 accipi.
588 2647 612 2683 4
641 2655 717 2682 Ussr
744 2655 953 2682 SATIETAS
980 2654 1187 2682 HOMINUM
1214 2654 1300 2681 AUT
1330 2653 1486 2682 NEGOTr
1510 2643 1571 2681 rei
1598 2653 1637 2690 p.
1666 2642 1864 2690 princeps

251 2721 359 2759 duas
390 2731 460 2759 res
490 2721 675 2769 patitur:
711 2721 968 2760 homines
1001 2722 1044 2758 et
1077 2720 1327 2768 negotia,
1361 2728 1572 2767 personas
1605 2719 1648 2755 et
1681 2727 1763 2756 res.

109 2792 183 2830 404
422 2804 610 2830 HOMINUM
638 2804 719 2830 AUT
746 2804 892 2830 NEGOTI
920 2804 987 2830 eos
1018 2794 1085 2837 qui
1114 2795 1261 2837 gerunt
1291 2795 1330 2829 et
1359 2803 1404 2829 ea
1433 2802 1534 2836 quae
1562 2792 1768 2835 geruntur.

111 2862 182 2899 405
421 2865 442 2899 5
467 2862 490 2884 *
516 2874 707 2900 SATrETAs
731 2875 772 2900 H.
797 2874 835 2899 A.
862 2874 899 2899 N.
927 2873 1127 2905 SIQUANDO
1153 2874 1186 2899 o.
1213 2873 1242 2898 c,
1261 2862 1420 2907 proprie
1435 2861 1606 2897 reddidit
1622 2862 1661 2896 et
1678 2861 1863 2895 decenter

155 3024 180 3073 Ι’)
207 3034 421 3079 Legendum
446 3048 493 3070 ne
517 3036 599 3070 ‘etsi
627 3036 775 3071 stulti’?
799 3036 842 3070 cf.
868 3036 946 3075 405,
969 3035 1000 3069 2.
