2242 3443
285 225 503 251 vmitri-noi.
1128 207 1182 244 68

276 346 351 382 54⁶2

279 648 355 683 548

281 1029 356 1065 544

284 1412 359 1448 545

281 1966 357 2002 546

287 2195 360 2231 547

288 2628 362 2664 548

288 2854 364 2890 549

289 2929 366 2965 550

483 348 560 376 uuo
594 347 696 381 Qun)
732 346 853 373 mim
888 344 980 371 seio
1011 334 1158 369 utrum
1188 330 1367 368 fratrem
1398 338 1450 366 an
1480 326 1619 365 filium
1650 326 1792 374 magis
1818 335 2039 375 quaeram,

426 424 525 453 nam
565 423 699 451 senex
733 410 941 459 querulus
975 409 1058 446 tria
1091 407 1194 445 dicit
1228 406 1310 443 sibi
1345 414 1443 443 esse
1476 402 1779 444 incommoda:
1813 402 1928 450 quod
1960 401 2040 441 fra-

426 494 534 529 trem
570 499 653 526 non
690 487 901 532 inveniat,
936 484 1047 532 quod
1082 481 1290 529 Ctesipho
1323 481 1411 519 ruri
1446 490 1529 518 non
1564 480 1640 527 sit,
1675 478 1787 526 quod
1822 480 1970 517 utrum
1999 478 2040 516 in

425 566 528 605 urbe
563 567 739 602 maneat
771 573 823 600 an
859 561 910 599 ad
946 559 1097 597 villam
1133 559 1261 596 abeat
1292 557 1384 606 ipse
1420 552 1603 596 nesciat.

491 643 507 678 1
556 650 702 678 VERUM
749 638 876 676 modo
921 635 1103 674 ‘verum’
1148 643 1307 672 nomen
1352 636 1432 672 est.
1468 635 1492 671 3
1527 642 1641 670 PERn
1674 640 1778 677 Qum
1811 641 1868 670 ‘ru
1900 640 2041 670 numo

425 727 534 755 nouo
567 727 615 754 es
649 717 753 754 haee
786 712 1062 761 Ctesiphonis
1096 710 1363 758 perturbatio
1397 710 1479 747 huc
1507 708 1650 747 tendit
1675 709 1829 756 poetae
1857 708 1964 756 arte,
1994 707 2044 745 ut

426 791 772 842 deprehendatur
815 800 914 828 cum
949 788 1092 826 amica
1124 785 1240 824 filius
1273 787 1449 834 repente
1483 785 1675 823 intrante
1707 793 1827 823 sene.
1861 784 1886 821 4
1919 782 2045 821 Nunc

427 869 556 916 ‘quin'
590 877 665 916 pro
700 868 767 905 im
786 877 863 904 ino
896 864 1088 913 positum
1124 865 1204 901 est.

598 941 622 977 2
651 943 710 976 An
743 940 973 976 adverbium
1004 936 1298 980 confirmantis,
1329 935 1364 971 id
1395 937 1460 971 est
1488 935 1638 971 vere?

487 1024 510 1061 2
545 1032 647 1067 Quin
680 1031 763 1059 Hoc
796 1030 952 1058 MALUM
985 1027 1301 1056 mmmcim‘rrs
1333 1017 1457 1055 deest
1490 1016 1590 1064 ‘sit’,
1626 1017 1670 1055 et
1695 1017 1765 1054 est
1791 1015 1914 1054 ordo:
1943 1014 2044 1063 quid

429 1100 507 1138 hoc
542 1097 812 1136 infelicitatis
845 1095 920 1143 sit,
957 1104 1124 1142 nequeo
1157 1094 1423 1140 discernere;
1459 1092 1528 1131 hic
1562 1094 1710 1130 autem
1746 1091 1943 1130 ‘malum’
1972 1100 2048 1140 pro

428 1174 727 1213 interiectione
760 1175 826 1210 est
860 1172 1068 1220 positum,
1103 1170 1227 1218 quasi
1260 1169 1377 1208 dicat
1412 1176 1448 1208 ·o
1482 1168 1681 1216 malum',
1715 1170 1757 1207 et
1785 1169 1853 1207 est
1879 1167 2045 1207 dictum

428 1252 546 1290 anxii
581 1250 771 1288 hominis
803 1250 847 1287 et
879 1247 1121 1296 perturbati
1154 1246 1301 1285 nimis.

604 1325 622 1360 1
654 1333 749 1366 Qum
778 1332 855 1358 Hoc
883 1332 1025 1357 manum
1060 1321 1234 1357 >malum’
1264 1321 1454 1356 abundat.

488 1406 512 1443 2
557 1414 642 1442 NISI
676 1414 734 1442 ΜΕ
767 1412 1041 1447 oaaooflmc
1075 1411 1174 1439 Essa
1207 1410 1360 1439 NATUM
1394 1400 1495 1438 ‘nisi
1531 1409 1600 1439 me
1634 1398 1899 1447 <credo>’
1933 1407 2049 1437 nova

431 1481 593 1520 locutio
625 1490 724 1528 pro:
760 1479 843 1517 nisi
876 1478 977 1526 quia
1014 1477 1155 1526 eredo,
1190 1479 1233 1515 et
1265 1476 1381 1515 ‘huie
1414 1476 1488 1514 rei’
1522 1477 1668 1524 potest
1700 1474 1902 1514 subtrahi
1935 1475 2048 1513 inco-

429 1557 536 1595 lumi
580 1566 734 1603 sensu,
778 1557 825 1594 ut
865 1554 1063 1602 <sit>:
1103 1554 1186 1592 nisi
1229 1563 1299 1592 me
1343 1553 1470 1592 credo
1511 1555 1666 1592 natum
1710 1561 1808 1591 esse
1853 1551 2048 1591 ferundis

428 1632 638 1678 miseriis;
688 1641 789 1679 ergo
833 1630 946 1668 ‘huie
989 1626 1063 1668 rei'
1096 1628 1539 1677 subdistinguendum
1583 1630 1627 1667 et
1668 1628 1732 1667 sic
1770 1627 2047 1667 inferendum

430 1707 637 1746 ‘ferundis
670 1707 893 1746 miseriis'.

603 1783 620 1817 1
657 1791 736 1817 NISI
765 1791 819 1817 mn
848 1789 978 1817 canno
1008 1789 1099 1824 pro:
1133 1780 1210 1815 nisi
1239 1780 1332 1824 quia
1361 1780 1441 1815 iam
1472 1781 1676 1825 superest,
1707 1782 1752 1816 ut
1780 1790 1844 1816 me
1871 1779 2046 1820 credam.

547 1835 608 1871 hic
647 1836 751 1871 enim
792 1844 940 1870 sensus
978 1836 1041 1870 est
1080 1834 1117 1869 in
1148 1834 1380 1870 huiusmodi
1406 1833 1622 1870 locutione.
1652 1834 1676 1871 3
1706 1835 1809 1878 Ergo
1843 1833 1950 1870 ‘huic
1979 1833 2047 1870 rei'

547 1899 618 1935 pro
651 1890 710 1925 ‘ad
741 1889 842 1925 hanc
872 1889 983 1925 rem'.

491 1963 507 1999 1
556 1971 717 1999 Fuimus
749 1960 818 2008 <·
842 1980 848 1988 -
871 1980 877 1988 ·
914 1970 1075 1999 eamus
1096 1978 1102 1985 ·
1125 1977 1133 1986 ·
1155 1977 1162 1986 ·
1190 1962 1411 2008 enimus>
1439 1958 1692 2010 ἐπαυαφορά.
1727 1960 1751 1998 2
1771 1969 1934 1998 paruus
1951 1968 2045 1998 slm-

431 2047 498 2075 Τιο
526 2047 649 2075 MALA
683 2036 892 2074 ridiculus
923 2046 1045 2075 error
1080 2035 1282 2075 Demeae.

603 2110 625 2146 3
661 2110 709 2145 Et
739 2110 919 2154 ‘primus’
953 2111 999 2145 ad
1030 2110 1224 2155 ordinem,
1255 2110 1392 2146 ‘solus'
1422 2111 1470 2146 ad
1499 2119 1714 2147 numerum
1743 2109 1902 2146 dicitur.

505 2192 519 2227 1
554 2199 713 2228 paruus
737 2199 872 2228 PoRRO
893 2200 1112 2230 OBNUNTIO
1130 2190 1377 2238 quimalam
1402 2200 1492 2229 rem
1516 2190 1704 2239 nuntiat,
1731 2189 2047 2240 obnuntiat,

431 2263 504 2313 qui
538 2265 709 2312 bonam,
745 2266 1072 2314 adnuntiat,
1108 2276 1208 2304 nam
1244 2266 1414 2314 proprie
1447 2267 1587 2305 obnu
1608 2267 1822 2306 ntiare
1849 2266 2051 2306 dicuntur

433 2351 644 2389 augures,
675 2351 774 2380 cum
803 2341 967 2389 aliquid
996 2342 1102 2380 mali
1131 2342 1292 2381 ominis
1309 2352 1610 2390 scaevumque
1629 2342 1834 2382 viderint.
1862 2344 1887 2382 5
1905 2352 2050 2381 AEGRE

433 2427 564 2456 sonus
598 2427 635 2455 SI
669 2427 772 2462 Qum
803 2429 872 2456 mr
904 2428 1011 2457 imao
1046 2429 1178 2467 prave
1211 2419 1392 2458 scilicet.
1603 2407 1606 2409 “

605 2492 628 2528 2
654 2492 780 2535 *Ergo
807 2493 1028 2528 ‘obnuntio’
1057 2493 1205 2528 malum
1229 2494 1446 2529 imminens
1467 2494 1608 2530 nuntio
1626 2494 1741 2538 quasi
1762 2504 1905 2530 omen
1932 2503 2048 2530 nun·

553 2546 643 2580 tio:
677 2546 765 2581 inde
795 2546 899 2581 enim
930 2547 1149 2588 ἐτυμολογία
1180 2547 1346 2583 huiusce
1376 2549 1486 2583 verbi
1516 2551 1591 2583 est.

493 2634 530 2661 is
572 2634 704 2662 sonus
748 2635 897 2664 NESCIT
941 2636 1080 2664 OMNIA
1123 2622 1200 2678 [et]
1246 2628 1354 2666 bene
1399 2627 1548 2666 ‘solus'
1593 2631 1744 2676 utpote
1787 2627 1840 2666 de
1872 2626 2046 2672 multia,

434 2701 535 2747 quia
567 2710 665 2738 cum
699 2701 807 2739 sciat
844 2701 979 2748 Micio,
1016 2702 1166 2749 Syrus,
1204 2703 1462 2751 Aeschinus,
1497 2703 1720 2753 Ctesipho,
1754 2689 1953 2753 populus,
1983 2703 2052 2742 hic

436 2775 557 2813 solus
589 2775 777 2814 fallatur.

493 2861 529 2888 Sl
564 2861 697 2889 FORTE
730 2861 899 2890 FRATER
931 2862 1133 2892 Riemann*
1169 2865 1261 2893 vrso
1295 2866 1396 2904 pro:
1429 2856 1466 2894 si
1499 2856 1640 2895 rediit.

494 2926 517 2963 2
563 2937 662 2964 vmr:
704 2936 758 2964 Nn
801 2937 895 2964 uini:
938 2938 1025 2966 Huc
1067 2929 1152 2967 iam
1201 2931 1411 2969 metuitur
1448 2932 1560 2979 quod
1593 2931 1792 2970 futurum
1826 2932 1909 2970 est.
1942 2931 1968 2970 3
1999 2929 2051 2969 Et

436 3011 534 3040 cum
579 3004 782 3040 neutrum
826 3005 884 3040 sit
919 3001 1097 3053 ‘irruat’,
1131 3016 1242 3045 nove
1273 3007 1423 3046 intulit
1455 3007 1550 3055 ‘se';
1585 3009 1813 3056 praeterea
1845 3006 1909 3045 sic
1940 3005 2052 3045 dixit

437 3075 603 3114 ‘irruat’
637 3079 864 3124 tamquam
899 3079 949 3116 de
977 3091 1026 3117 eo
1054 3081 1124 3127 qui
1153 3085 1428 3129 pugnaturus
1454 3083 1531 3131 sit,
1561 3085 1608 3121 ut
1635 3083 1677 3121 in
1705 3083 1915 3122 Eunucho
1930 3079 2050 3131 (788)
