2242 3443
301 232 472 261 nucum
1144 230 1228 267 320

302 360 374 395 125
457 358 502 393 cs.
534 357 657 393 schol.
688 358 748 392 ad.
777 357 866 394 403.

302 422 372 456 126
455 422 476 457 3
518 423 728 464 sumptum
759 429 807 454 ex
842 419 936 455 Don.
972 418 1055 455 128.
1086 420 1122 455 2.
1153 418 1331 453 Thomas
1362 419 1591 454 observavit
1620 418 1914 455 anacolouthon
1944 422 1983 456 et
2013 431 2062 458 ex

403 482 565 518 scholiis
609 481 752 517 merito
796 480 934 516 citavit
978 482 1137 516 tantum
1179 480 1265 516 126.
1308 481 1324 515 1
1363 482 1404 516 et
1434 481 1520 517 128.
1553 479 1588 516 2.
1620 480 1748 516 Schol.
1781 482 1867 518 126.
1897 482 1933 518 2.
1963 483 2063 520 mire

404 555 448 580 se
478 545 612 589 habet,
641 544 709 579 sed
739 543 912 578 fortasse
940 543 1078 578 tamen
1109 542 1330 585 genuinum
1362 543 1436 577 est.

300 607 372 643 127
457 608 588 643 =65.
620 608 636 642 1
671 606 722 640 in.
808 605 884 640 123
914 606 930 640 1
965 605 1040 639 An.
1072 604 1159 641 683.
1194 607 1226 640 1.
1310 605 1333 639 4
1364 604 1465 640 rhet.
1497 605 1541 639 ut
1575 604 1661 641 131.
1692 604 1727 640 2.
1758 605 1795 642 3.

300 669 376 705 129
458 669 558 704 Eun.
598 669 685 704 261.
726 667 759 703 2.
845 667 917 702 131
958 667 979 701 4
1012 666 1056 700 ef.
1087 665 1175 702 482.
1207 666 1243 706 2,
1272 666 1395 701 etiam
1424 666 1541 701 iuxta
1568 666 1590 702 6
1621 666 1713 702 ferri
1744 677 1865 711 posse
1894 667 2062 705 videtur.

299 733 374 768 133
457 731 602 776 partim
633 731 777 774 repetit
810 730 896 767 131.
925 730 962 764 4.
1075 729 1150 764 135
1179 729 1202 764 2
1235 728 1441 764 semirhet.
1472 728 1630 766 Donati.

299 795 374 830 136
460 794 478 829 1
523 795 561 830 et
599 794 621 829 2
661 792 825 835 similia;
866 791 1022 826 Donato
1059 791 1145 826 dedi
1184 791 1220 834 2,
1252 791 1317 825 ubi
1347 800 1411 825 res
1440 790 1669 834 elegantius
1698 792 1738 826 et
1766 791 1897 835 magis
1925 791 2065 836 pudice

404 855 614 891 enuntiata
657 856 719 890 est
762 863 881 897 quam
924 854 963 888 in
1008 854 1025 888 1
1059 853 1121 893 (ad
1160 852 1292 896 ‘plena
1331 851 1541 893 desiderii',
1581 851 1711 897 ‘plena
1747 852 1991 897 cupiditatis’
2017 853 2064 890 cf.

405 919 494 954 adn.
535 919 582 953 ad
617 921 692 952 An.
731 917 793 953 90.
835 917 852 951 1
887 919 946 958 α);
986 915 1026 950 et
1056 914 1257 950 ‘similiter
1285 912 1450 949 addidit'
1483 914 1735 958 significatne
1765 914 1951 951 similiter
1979 924 2066 960 pro-

405 979 705 1016 nuntiandum?
743 979 788 1013 de
819 987 912 1013 voce
942 976 1166 1021 ‘virginem’
1197 976 1438 1021 peculiarem
1467 977 1772 1013 adnotationem
1802 977 1909 1013 dedit
1936 977 2065 1014 Dona-

406 1046 472 1078 tus
502 1042 540 1077 in
569 1043 606 1077 4.
690 1042 712 1077 5
744 1041 790 1075 de
818 1039 990 1075 formula
1018 1039 1243 1074 non-sed
1274 1039 1362 1074 vide
1392 1040 1440 1074 ad
1470 1039 1543 1074 Ad.
1574 1039 1636 1075 74.
1665 1039 1701 1075 2.

298 1105 370 1140 137
458 1106 475 1140 1
522 1103 643 1139 nimis
687 1103 876 1138 otiosum.
970 1102 993 1138 2
1031 1110 1173 1137 vereor
1212 1102 1257 1136 ut
1294 1100 1387 1136 ferri
1418 1101 1548 1145 possit
1575 1101 1691 1136 iuxta
1721 1101 1818 1136 Don.
1849 1101 1893 1144 3;
1925 1099 2065 1137 vocula

403 1167 556 1210 quasi
594 1166 689 1201 trita
717 1165 755 1200 in
787 1163 911 1200 schol.
942 1163 1104 1208 spuriis,
1134 1164 1178 1198 ut
1208 1164 1326 1199 modo
1355 1163 1393 1198 in
1425 1163 1485 1199 61.
1519 1164 1552 1208 1,
1582 1163 1673 1198 vide
1701 1163 1750 1198 ad
1780 1163 1853 1198 Ad.
1882 1162 1971 1200 499.
2002 1161 2062 1199 2α.

299 1229 375 1264 138
459 1230 476 1264 1
511 1228 558 1265 cs.
589 1228 751 1263 Wessn.
834 1227 856 1263 3
889 1226 1096 1262 semirhet.
1125 1225 1284 1277 Donati.
1367 1225 1389 1261 2
1419 1225 1536 1271 rhet,
1565 1226 1611 1260 ut
1640 1234 1737 1260 mox
1770 1224 1854 1262 139.

300 1290 376 1326 140
459 1292 476 1325 1
510 1289 658 1333 ‘quam’
687 1299 757 1333 pro
789 1289 944 1332 ‘magis'
975 1287 1036 1322 vel
1066 1287 1215 1332 ‘potius
1245 1287 1393 1330 quam’,
1422 1287 1612 1331 frequens
1639 1286 1679 1322 in
1708 1287 1953 1330 commento,
1978 1296 2012 1322 e.
2027 1296 2063 1330 g.

406 1355 482 1388 An.
520 1354 609 1395 484,
649 1353 737 1395 505,
776 1352 863 1387 612.
895 1351 980 1386 Eun
1027 1350 1115 1394 231,
1147 1351 1235 1394 266,
1266 1349 1354 1393 322,
1386 1350 1474 1386 369.
1572 1350 1594 1385 2
1625 1348 1790 1386 Wessn.
1818 1347 2065 1392 comparavit

404 1415 521 1450 Auct.
551 1415 598 1450 ad
629 1414 722 1450 Her.
752 1415 789 1449 4.
820 1414 881 1450 57.
965 1414 987 1450 3
1018 1413 1215 1457 respicere
1244 1411 1402 1447 videtur
1432 1412 1493 1447 61.
1523 1412 1559 1448 3.

300 1476 375 1512 143
458 1477 481 1513 2
502 1475 526 1515 1)
556 1476 676 1512 nimis
707 1476 896 1511 otiosum.
982 1475 1056 1511 144
1091 1474 1108 1510 1
1139 1476 1179 1509 et
1211 1475 1284 1510 145
1315 1474 1496 1510 eiusdem
1526 1474 1660 1510 notae.

300 1539 374 1575 146
457 1538 653 1575 scholium
692 1538 794 1573 rhet.
832 1538 918 1573 eius
957 1537 1129 1582 generis,
1168 1538 1272 1581 quod
1312 1536 1451 1572 notavi
1478 1536 1525 1571 ad
1555 1536 1630 1570 An.
1659 1535 1749 1571 354.
1779 1535 1815 1577 3,
1845 1534 1933 1571 395.
1962 1534 1998 1570 2.
2028 1533 2064 1579 6,

405 1602 492 1638 396.
524 1601 560 1646 2,
589 1601 678 1637 398.
709 1601 744 1638 2.
775 1602 849 1636 etc.

301 1663 376 1699 149
462 1664 480 1698 1
511 1664 558 1699 de
584 1663 740 1698 Donato
767 1662 929 1706 pudoris
954 1661 1161 1696 laudatore
1186 1660 1231 1696 cf.
1258 1661 1380 1696 etiam
1398 1660 1446 1695 ad
1463 1659 1562 1694 Eun.
1582 1659 1667 1695 143.
1685 1658 1709 1694 2
1726 1660 1766 1693 et
1781 1666 1906 1701 supra
1924 1657 2008 1694 136.
2027 1655 2063 1692 2.

301 1725 376 1760 150
459 1727 475 1760 1
508 1725 553 1760 cf.
582 1726 642 1761 65.
678 1727 710 1761 1.
795 1725 818 1760 4
848 1723 1050 1760 conclusio
1079 1723 1200 1758 nimis
1230 1731 1542 1767 supervacanea.

302 1786 375 1820 152
457 1787 479 1822 3
511 1787 655 1830 partim
688 1788 827 1822 contra
856 1785 954 1821 Don.
987 1785 1020 1821 1.

302 1848 376 1884 156
460 1849 477 1884 1
511 1848 556 1884 cf.
590 1848 675 1886 123.
706 1849 742 1885 3.
852 1848 876 1884 2
905 1847 1064 1882 notavit
1094 1846 1256 1882 Wessn.

301 1909 376 1945 158
462 1910 479 1944 1
513 1921 537 1945 a
565 1911 888 1946 additamentum
918 1909 1095 1944 otiosum
1126 1918 1196 1953 per
1225 1917 1348 1943 nam.
1433 1907 1455 1943 3
1487 1906 1694 1942 diversum
1724 1915 1747 1941 a
1773 1905 1872 1941 Don.
1906 1905 1938 1940 1.

301 1971 376 2007 159
457 1972 480 2008 3
511 1969 580 2014 α’)
618 1972 814 2008 emblema
851 1971 1042 2007 indicavit
1071 1970 1255 2013 Wessn.;
1286 1970 1430 2013 nequis
1460 1969 1594 2004 autem
1627 1968 1756 2012 putet,
1783 1967 1882 2003 haec
1908 1976 2066 2011 quoque

406 2033 561 2069 Donato
604 2035 687 2070 dari
730 2043 850 2079 posse
892 2033 1009 2069 iuxta
1048 2034 1088 2068 et
1129 2034 1223 2077 post
1261 2032 1285 2068 2
1310 2029 1359 2078 -l—
1387 2032 1424 2075 3,
1464 2030 1676 2075 prohibent
1708 2029 1859 2065 scholia
1887 2030 1934 2065 ad
1964 2030 2063 2066 Aen.

407 2095 440 2130 1.
479 2095 569 2137 536,
609 2096 675 2131 ubi
713 2096 893 2134 Servius,
930 2094 1123 2129 nimirum
1160 2094 1384 2130 secundum
1416 2093 1633 2136 Donatum,
1663 2091 1849 2128 exhibet:
1878 2092 1933 2129 ‘et
1960 2100 2062 2137 pro·

406 2166 496 2192 cax
525 2157 683 2201 proprie
712 2159 834 2201 petax
863 2157 938 2201 est,
964 2165 1057 2191 nam
1084 2164 1246 2199 procare
1272 2156 1336 2191 est
1358 2155 1508 2199 petere,
1534 2153 1639 2188 unde
1663 2154 1703 2189 et
1727 2153 1833 2197 proci
1850 2153 2064 2198 dicuntur'‚

406 2219 494 2253 tum
531 2220 668 2254 autem
698 2215 796 2256 Dan.
825 2217 1064 2253 scholiasta:
1096 2217 1176 2252 ‘alii
1205 2216 1513 2261 procacibus
1542 2215 1844 2259 impudentibus
1873 2213 2064 2250 tradunt'.

304 2279 377 2315 162
460 2280 482 2316 3
513 2290 538 2315 α
567 2281 726 2316 notavit
755 2280 918 2316 Wessn.
1003 2278 1081 2315 164
1109 2279 1214 2315 rhet.
1243 2280 1288 2314 ut
1321 2279 1406 2316 168.
1438 2280 1472 2315 1.

300 2340 376 2376 166
462 2341 481 2376 1
512 2343 552 2377 et
579 2342 603 2378 2
632 2342 748 2377 iuxta
776 2341 874 2377 Don.
904 2341 940 2378 3.
1026 2341 1098 2377 167
1129 2342 1153 2376 4
1183 2341 1259 2376 An.
1288 2341 1378 2377 389.
1409 2339 1444 2375 2.

301 2401 376 2437 170
462 2403 480 2438 1
526 2404 565 2438 et
607 2403 630 2439 2
674 2402 830 2439 Donato
869 2402 953 2438 dari
991 2404 1199 2446 nequeunt
1236 2402 1352 2438 iuxta
1387 2402 1423 2438 3.
1508 2401 1706 2436 Thomas:
1747 2400 1814 2435 ‘un
1843 2398 1970 2444 esprit
1997 2397 2062 2443 qui

406 2464 618 2500 convenait
647 2466 737 2500 tout
766 2466 789 2500 a
816 2464 886 2500 fait
915 2473 965 2499 au
996 2463 1081 2499 sien
1112 2464 1219 2505 (Mme
1249 2462 1429 2505 Dacier)’.
1643 2454 1647 2456 ⁷

302 2525 375 2562 171
461 2527 549 2563 vide
578 2528 625 2563 ad
656 2528 731 2562 An.
764 2527 849 2564 105.
878 2527 900 2562 3
933 2527 978 2561 de
1008 2525 1205 2561 mortibus
1234 2526 1273 2560 in
1303 2521 1522 2562 comoedia.

306 2588 380 2624 173
462 2589 484 2625 3
516 2588 606 2632 quid
636 2588 738 2624 hoc?
823 2587 900 2623 174
932 2587 954 2623 3
985 2587 1057 2622 Ad.
1089 2588 1148 2623 15.
1183 2587 1216 2624 1.
1301 2587 1378 2623 175
1407 2586 1566 2622 notavit
1595 2585 1757 2621 Wessn.

305 2651 377 2686 177
461 2651 485 2686 2
513 2650 629 2686 iuxta
658 2650 756 2685 Don.
789 2650 821 2684 1.
852 2658 921 2693 per
950 2648 1043 2691 vel,
1075 2650 1118 2683 ut
1148 2650 1315 2684 centies.

304 2712 379 2747 178
465 2713 481 2747 1
515 2711 639 2747 ‘sane'
670 2711 715 2747 cf.
745 2711 924 2747 An.229.
944 2710 977 2745 1.
1064 2710 1084 2744 2
1111 2711 1186 2744 An.
1216 2711 1300 2754 195,
1327 2710 1415 2753 848.
1442 2709 1476 2745 2.
1506 2709 1578 2744 Ad.
1604 2708 1692 2745 580.
1711 2707 1790 2744 2et
1805 2706 1908 2742 infra
1921 2705 2063 2743 459.4.

304 2774 380 2809 180
462 2773 486 2809 2
513 2773 670 2818 plenius
699 2773 884 2808 Donatus
913 2772 960 2807 ad
990 2772 1065 2806 An.
1096 2772 1183 2807 639.
1214 2773 1249 2807 5.
1333 2772 1355 2808 3
1386 2771 1502 2806 iuxta
1532 2771 1631 2805 Don.
1664 2771 1681 2805 1
1701 2766 1806 2817 -l-2.

305 2835 377 2870 181
465 2836 482 2870 1
523 2836 563 2870 et
602 2833 626 2870 2
663 2843 830 2879 prorsus
868 2832 1025 2876 similia,
1056 2834 1099 2867 ut
1131 2833 1216 2869 193.
1249 2833 1267 2868 1
1300 2835 1339 2868 et
1370 2832 1406 2876 2,
1435 2832 1524 2877 310,
1555 2832 1577 2868 3
1608 2833 1647 2866 et
1675 2832 1719 2874 5;
1752 2832 1839 2866 vide
1869 2828 1988 2875 praef.
2017 2828 2063 2863 de

408 2896 505 2932 locis
533 2895 650 2932 simil.
678 2897 739 2931 ad.
768 2895 863 2931 Hec.

305 2957 379 2992 182
462 2957 486 2993 2
515 2959 555 2993 et
585 2957 671 2994 183.
704 2958 722 2993 1
756 2957 887 2992 otiosa
917 2957 955 2992 et
986 2956 1190 2999 posterius
1219 2955 1340 2992 etiam
1370 2956 1554 3000 ineptum
1583 2956 1700 2990 iuxta
1728 2954 1827 2989 Don.
1859 2953 1946 2990 182.
1977 2953 2010 2988 1.

353 3095 375 3138 ¹)
402 3096 443 3129 ln
469 3098 575 3131 textu
600 3095 709 3130 omisi
736 3096 834 3130 hunc
859 3106 1054 3130 numerum
1079 3096 1168 3129 ante
1193 3094 1379 3130 scholium
1406 3095 1587 3139 spurium.

350 3147 376 3189 ²)
403 3147 523 3183 Omisi
548 3159 741 3182 numerum
764 3148 785 3182 3
809 3149 898 3182 anie
923 3147 989 3190 (a).
