2242 3443
119 300 194 336 464

121 754 197 790 465

123 953 199 989 466

125 1432 199 1469 467

129 2044 204 2081 468

130 2197 205 2232 469

134 2635 210 2672 470

139 2871 211 2908 471

962 171 1040 209 167

324 298 339 334 1
380 307 505 335 erEo
538 307 588 334 ΕΤ
622 307 680 334 ΜΕ
712 306 878 334 ΤΑΕΒΕΤ
912 296 1152 343 opportune
1185 294 1400 332 Parmeno
1428 294 1590 332 fatetur
1623 294 1768 332 odium
1803 294 1878 331 mi·

265 371 375 420 litis,
411 373 459 410 ut
491 372 698 410 retundat
725 371 776 409 ab
810 381 859 409 eo
893 381 1088 409 amorem
1117 370 1307 408 Thaidis.
1339 370 1361 406 2
1393 380 1537 407 UBIVIS
1564 379 1680 407 DONA
1708 379 1879 407 ADSUNT

266 447 371 485 nihil
414 448 556 495 potuit
595 447 828 486 exitiosius
874 446 1006 485 militi
1039 446 1312 494 contingere,
1347 455 1477 492 quam
1511 446 1558 482 ut
1592 445 1796 483 continuo
1830 446 1883 483 ri-

269 522 380 561 valis
420 523 618 561 mitteret
662 532 824 561 munus
867 524 911 560 et
951 521 1170 570 posterius
1213 523 1256 559 et
1298 530 1442 558 coram
1486 520 1592 567 ipso.
1629 521 1652 557 2
1687 531 1803 558 DONA
1835 532 1877 558 A.

269 608 356 636 ΤῙΒΙ
398 609 428 636 A
468 607 695 636 PHAEDRIA
728 607 827 635 cum
859 596 936 634 illa
969 595 1048 634 sub
1082 595 1338 644 pronomine
1373 595 1580 633 celaverit
1612 605 1772 633 nomen
1805 596 1880 633 mi-

266 673 375 722 litis,
409 675 561 712 exacte
594 673 807 711 Parmeno
840 672 1140 720 pronuntiavit
1171 670 1212 709 ‘a
1243 667 1484 709 Phaedria'.

322 749 345 786 2
380 759 463 787 CUR
496 758 579 787 NON
613 759 718 787 mus
751 758 856 787 HINC
893 748 966 786 ubi
999 757 1154 786 servus
1185 746 1338 785 rivalis
1371 748 1439 785 est
1472 746 1699 785 Parmeno.

446 823 461 857 1
491 833 586 865 QUID
615 832 772 859 STAMUS
807 823 912 866 ‘quid
942 821 1114 858 stamus’
1146 822 1193 857 ad
1222 830 1377 857 moram
1405 821 1586 856 refertur.
1619 821 1639 855 3
1671 830 1764 861 Qum
1794 831 1880 855 STA-

386 886 466 912 MUs
495 876 558 912 his
582 877 714 912 verbis
744 876 859 912 miles
887 876 1069 912 insulsus
1100 875 1231 911 dolere
1260 884 1303 911 se
1331 875 1489 910 indicat.

328 950 347 986 1
390 959 499 987 PACE
533 958 645 993 QUOD
678 960 778 987 FIAT
812 959 900 987 TUA
934 947 1066 997 ‘pace’
1100 949 1177 986 aut
1208 947 1350 995 gratia
1381 948 1457 984 aut
1488 946 1734 994 voluntate,
1769 948 1821 989 (α)
1855 946 1878 982 2

271 1026 315 1063 et
345 1024 409 1063 sic
440 1024 612 1063 locutus
646 1027 713 1063 est
745 1025 869 1072 quasi
901 1024 1066 1062 bellum
1098 1022 1301 1062 omnibus
1334 1023 1402 1060 his
1435 1022 1579 1060 verbis
1611 1023 1665 1061 (V.
1700 1022 1784 1060 464
1803 1022 1881 1068 sq)

269 1100 493 1148 indixerit,
529 1102 554 1138 4
588 1102 631 1139 et
663 1101 878 1139 invidiose
906 1100 1031 1148 quasi
1058 1109 1133 1148 per
1161 1109 1260 1138 eum
1288 1109 1367 1137 nec
1395 1097 1589 1146 accipere
1616 1096 1744 1135 liceat
1771 1097 1882 1134 dona

271 1175 496 1214 Thaidem.

445 1250 462 1284 1
503 1259 527 1284 α
565 1250 605 1286 et
629 1251 744 1286 deest
773 1250 902 1286 ‘cum’.
935 1250 957 1284 3
987 1259 1087 1285 PACE
1116 1260 1150 1291 Q.
1176 1260 1210 1285 F.
1236 1259 1268 1284 r.
1296 1258 1403 1283 DARE
1427 1257 1524 1283 HUic
1550 1257 1654 1289 QUAE
1679 1256 1885 1290 VOLUMUS,

390 1313 614 1339 CONVENIRE
661 1315 708 1339 ΕΤ
751 1313 943 1346 COLLOQUI
986 1304 1162 1348 proprie,
1206 1303 1299 1347 quia
1341 1312 1438 1347 pax,
1480 1300 1607 1346 datio,
1650 1300 1883 1344 conventio,

390 1357 628 1402 colloquium
656 1357 820 1394 militiae
847 1358 967 1394 verba
995 1358 1104 1393 sunt.

326 1429 349 1466 2
368 1429 670 1477 <convalium
687 1440 738 1467 ET
756 1430 1024 1477 GOLLOQU1>
1041 1431 1089 1468 ut
1106 1428 1149 1467 in
1168 1428 1335 1467 hostico
1353 1427 1487 1474 solet;
1507 1426 1743 1464 Sallustius
1762 1425 1885 1473 ‘quae

270 1507 398 1553 pacta
427 1505 471 1543 in
503 1505 793 1544 conventione
826 1515 913 1544 non
945 1504 1290 1554 praestitissent?
1323 1504 1366 1542 et
1397 1502 1501 1541 alibi
1534 1501 1671 1540 ‘cuius
1703 1502 1888 1540 adversa

273 1580 500 1619 voluntate
538 1581 752 1629 colloquio
779 1580 996 1619 militibus
1022 1580 1238 1629 permisso
1265 1579 1484 1627 corruptio
1511 1578 1625 1616 facta
1650 1586 1886 1626 paucorum

271 1657 314 1695 et
346 1657 566 1695 exercitus
599 1656 745 1705 Syllae
778 1657 907 1695 datus
940 1657 1020 1695 est’
1054 1656 1121 1697 (H.
1156 1656 1206 1694 fr.
1239 1656 1322 1694 inc.
1356 1655 1425 1704 24,
1458 1655 1493 1692 1.
1522 1654 1574 1691 91
1606 1654 1687 1696 Μ.).
1717 1654 1742 1690 4
1771 1662 1885 1690 DARE

271 1742 315 1770 Η.
351 1742 387 1777 Q.
423 1743 460 1771 V.
495 1743 611 1771 οΕΤΤ.
645 1733 750 1771 haec
782 1731 956 1780 singula
986 1742 1085 1771 cum
1119 1731 1285 1770 invidia
1316 1729 1634 1779 pronuntianda
1664 1730 1780 1767 sunt.

447 1807 464 1841 1
498 1807 546 1841 Et
573 1806 628 1842 sic
656 1806 1020 1851 pronuntiandum,
1050 1807 1096 1842 ut
1120 1805 1384 1841 subaudiatur
1410 1803 1513 1848 ‘vel',
1539 1805 1584 1839 ut
1609 1803 1681 1838 sit:
1707 1802 1769 1838 vel
1794 1802 1886 1837 dare

392 1861 454 1896 vel
483 1860 697 1896 convenire
726 1861 765 1896 et
793 1860 974 1904 colloqui.
1006 1861 1028 1896 3
1058 1868 1283 1896 CONVENIRE
1312 1869 1346 1894 E.
1377 1869 1409 1894 c.
1438 1858 1494 1894 sic
1524 1857 1888 1902 pronuntiandum,

390 1916 436 1949 ut
472 1914 588 1958 quasi
625 1915 748 1950 dicat:
787 1915 904 1951 liceat
942 1924 1012 1959 per
1048 1914 1105 1957 te,
1145 1913 1277 1956 miles,
1316 1911 1423 1956 quod
1461 1911 1585 1948 etiam
1613 1911 1718 1947 inter
1746 1910 1886 1946 hostes

392 1969 433 2004 et
460 1968 499 2003 in
528 1968 631 2004 bello
658 1968 761 2004 licet.

331 2040 350 2077 1
395 2050 684 2079 PERPULCHRA
726 2050 861 2079 canno
898 2038 1078 2090 εἰρωνεία
1112 2039 1163 2078 de
1196 2038 1359 2077 fiducia
1391 2037 1597 2086 pulchrae
1630 2035 1828 2083 virginis.
1863 2035 1887 2072 2

272 2125 449 2154 Nosrms
485 2126 654 2154 errLrA
686 2118 730 2155 et
761 2116 847 2154 his
879 2115 1099 2154 similia
1132 2117 1174 2153 et
1206 2115 1399 2153 horum
1434 2112 1656 2151 similia
1687 2110 1886 2150 dicimus.

331 2195 349 2230 l
395 2202 472 2230 Res
507 2201 731 2230 mchBrT
768 2191 851 2230 scit
884 2191 1072 2230 eunuchi
1103 2200 1263 2230 nomen
1291 2199 1419 2238 posse
1447 2187 1686 2235 contemni,
1721 2187 1763 2225 et
1792 2186 1888 2224 ideo

276 2268 412 2306 videri
451 2267 543 2306 vult
576 2267 719 2315 potius
751 2277 882 2315 quam
916 2266 1081 2316 sperari
1113 2274 1300 2304 munera
1332 2274 1424 2303 sua.
1458 2267 1511 2308 (a)
1545 2264 1569 2301 2
1605 2272 1721 2300 isros
1752 2271 1888 2299 FORAS

275 2324 405 2381 Exim:
446 2353 552 2388 Quos
586 2353 697 2381 mssr
729 2353 853 2382 ocius
885 2353 985 2381 cum
1018 2341 1178 2381 fiducia
1210 2343 1253 2380 et
1286 2341 1373 2379 alto
1407 2340 1529 2379 vulto
1558 2337 1887 2387 pronuntiatum

273 2420 315 2457 et
345 2418 526 2457 festinat
558 2428 612 2456 ne
643 2418 829 2466 occipiat
861 2418 990 2456 miles
1019 2418 1140 2466 prius
1173 2416 1292 2455 abire
1325 2425 1456 2463 quam
1489 2414 1648 2452 videat.
1683 2414 1707 2451 3
1741 2412 1789 2450 Et
1822 2413 1890 2450 est

277 2493 401 2532 ordo:
435 2493 554 2533 ocius
586 2494 720 2532 exire.

455 2568 472 2602 1
505 2577 529 2600 α
557 2566 595 2601 id
624 2568 686 2602 est
714 2566 941 2602 Chaeream.

454 2638 467 2671 l
489 2635 512 2655 ³⁸⁶
526 2645 702 2672 PROOEDE
719 2646 770 2671 TU
785 2646 866 2672 Huc
885 2637 983 2672 bene
999 2636 1190 2680 ‘procede’
1207 2636 1319 2681 dixit,
1335 2645 1414 2671 non
1433 2634 1597 2670 ‘accede’
1613 2634 1681 2668 aut
1699 2630 1826 2673 ‘veni’;
1844 2633 1890 2666 ut

399 2691 589 2734 appareat
627 2690 801 2734 dignitas
840 2690 960 2725 etiam
999 2690 1039 2724 in
1076 2689 1249 2726 incessu.
1288 2691 1310 2725 2
1340 2686 1361 2708 *
1389 2690 1438 2724 Et
1466 2687 1600 2724 callide
1632 2687 1677 2721 ab
1707 2684 1889 2720 inferiore

399 2743 538 2787 incipit
562 2753 745 2788 munere,
770 2744 846 2779 hoc
868 2746 932 2779 est
956 2753 979 2779 a
1003 2743 1151 2788 puella,
1177 2744 1224 2779 ad
1245 2744 1461 2779 Chaeream
1477 2743 1693 2784 venturus,
1710 2738 1829 2774 simul
1846 2740 1889 2772 ut

400 2808 423 2833 a
460 2807 553 2833 vero
591 2798 788 2842 mancipio
825 2797 1019 2841 incipiens
1056 2798 1104 2833 ad
1139 2797 1286 2833 falsum
1316 2797 1402 2832 sine
1432 2795 1656 2839 suspicione
1685 2792 1889 2828 transiret.

341 2870 360 2907 1
404 2880 462 2907 Ex
502 2879 741 2907 AETHIOPIA
781 2879 856 2907 EST
897 2878 1037 2913 USQUE
1074 2879 1190 2907 HAEC
1221 2869 1334 2916 quod
1367 2866 1589 2916 cupiebat;
1622 2873 1724 2902 nam
1757 2871 1889 2910 supra

283 2945 451 2992 ‘cupere
494 2955 548 2983 ex
591 2945 836 2992 Aethiopia’
882 2947 936 2988 (v.
979 2942 1097 2994 164),
1137 2945 1162 2983 3
1197 2946 1240 2982 et
1271 2944 1352 2982 hoc
1384 2944 1451 2981 est
1482 2941 1591 2989 quod
1626 2939 1752 2978 facit:
1784 2937 1888 2976 ‘mu-

281 3030 363 3058 nus
404 3022 604 3058 nostrum
646 3022 797 3059 ornato
840 3020 984 3059 verbis
1025 3020 1138 3067 quod
1170 3019 1346 3068 poteris'
1381 3019 1436 3057 (v,
1471 3017 1581 3056 214).
1615 3016 1639 3053 4
1672 3024 1746 3052 HIC
1779 3023 1888 3051 SUNT
