2242 3443
317 205 544 234 ADRLPHOE
1162 192 1217 230 62

313 852 390 888 493

311 1290 388 1326 494

310 2183 387 2220 496

310 2335 384 2372 497

309 2563 386 2599 498

309 2715 386 2751 499

460 320 624 357 sarium
655 318 756 356 sore.
787 317 810 354 2
840 327 892 354 υΤ
923 326 1045 354 vonis
1074 326 1207 354 DEGET
1239 321 1526 365 παραινετικῶς
1554 315 1686 364 dixit,
1715 325 1801 354 non
1830 313 1894 353 ‘ut
1909 313 2079 363 puellae

463 395 567 434 utile
601 396 697 442 est',
731 393 805 432 sed
843 393 902 431 ‘ut
930 392 1054 431 vobis
1079 393 1231 432 decet’.
1261 393 1286 431 3
1317 402 1440 432 vonis
1470 403 1604 432 Ditem·
1631 391 1793 430 Graece
1821 390 1955 430 dixit:
1984 388 2081 440 ὑμῖν

462 469 612 521 πρέπει.
645 473 699 510 (α)

631 546 653 581 3
683 555 707 580 α
736 545 776 579 et
805 544 915 580 deest
946 543 1113 580 ‘facere'.

523 621 539 656 1
587 629 655 656 sm
697 626 856 654 ALITER
898 626 1068 654 Animus
1112 626 1186 654 EST
1229 616 1421 655 officium
1456 616 1588 654 amici
1621 615 1880 663 exsequitur
1912 614 1957 653 in
1989 613 2081 653 red-

461 695 600 734 denda
638 703 788 742 causa,
823 703 898 731 cur
932 692 1214 732 adversarius
1245 693 1422 732 futurus
1453 693 1525 732 sit.
1560 693 1584 730 2
1617 702 1700 732 neo
1731 698 1882 731 DEMEA
1913 688 1956 729 ἐν
1987 687 2082 741 ἤθει

464 772 574 819 ‘eg0,
610 771 802 809 Demea'.

523 849 538 885 l
577 857 729 885 sUMMA
764 858 806 885 VI
840 856 1078 885 DEFENDAM
1110 856 1232 885 HANG
1266 856 1353 885 non
1385 846 1499 884 dixit
1526 845 1568 884 id
1596 845 1709 894 quod
1736 847 1805 884 est
1832 844 1927 884 ‘vos
1952 844 2081 883 ulcis·

461 924 547 962 car·
582 924 655 961 ¹sed
689 920 817 961 ‘hanc
849 923 1123 970 defendam’;
1153 923 1177 961 3
1206 922 1333 970 quasi
1359 923 1454 961 iure
1483 923 1524 961 et
1551 922 1690 961 officio
1717 932 1796 960 suo
1822 921 1996 960 locutus
2013 921 2081 959 est

462 1003 503 1038 et
537 1000 822 1048 exaggeravit
855 999 1027 1048 culpam
1056 1000 1283 1046 Aeschini,
1313 999 1387 1046 qui
1414 999 1641 1037 videbatur
1669 999 1713 1037 in
1741 1008 1826 1037 uno
1856 999 1900 1037 et
1925 997 2080 1037 eodem

461 1076 651 1115 facinore
683 1076 810 1114 vivos
845 1077 1129 1123 mortuosque
1161 1075 1361 1114 laesisse.

632 1150 655 1186 ‘2
683 1147 835 1192 'Aa-Qua
856 1159 980 1186 mmm
1004 1160 1202 1186 monwtm
1226 1150 1370 1186 idonea
1395 1159 1517 1186 causa
1540 1151 1737 1186 adversus
1761 1148 1877 1185 vivos
1901 1148 2080 1185 faciendo

577 1214 647 1249 pro
676 1207 837 1240 mortuo
867 1204 1031 1240 scilicet.

522 1286 540 1322 1
576 1294 802 1323 COGNATUS
834 1295 935 1322 MIHI
968 1294 1081 1323 ERAT
1115 1294 1250 1323 causa
1277 1284 1478 1333 exposita
1504 1283 1594 1322 iam
1624 1283 1714 1332 agit
1741 1283 1882 1332 Hegio
1909 1283 1961 1322 de
1987 1293 2079 1332 per—

457 1371 565 1400 sona
597 1371 677 1399 sua
710 1363 858 1399 utrum
891 1363 1010 1400 recte
1037 1360 1192 1408 faciat,
1222 1362 1265 1399 et
1291 1371 1423 1408 quam
1452 1370 1689 1409 personam
1716 1360 1870 1400 deinde
1897 1362 2080 1400 acturus

459 1438 516 1475 sit
554 1437 765 1486 ostendit,
800 1437 905 1476 dicit
937 1437 1190 1486 <enim>,
1221 1447 1322 1476 cum
1351 1437 1648 1476 amicitiarum
1676 1437 1760 1476 duo
1787 1446 1949 1486 genera
1975 1436 2077 1486 sint,

460 1523 595 1552 unum
636 1514 954 1562 necessarium,
988 1513 1030 1552 id
1064 1516 1133 1553 est
1164 1514 1469 1562 propinquitas
1506 1514 1752 1564 sanguinis,
1787 1513 1976 1553 alterum
2010 1521 2082 1552 vo-

460 1590 718 1638 luntarium,
753 1600 836 1637 quo
869 1590 999 1631 nobis
1027 1591 1164 1629 etiam
1193 1591 1457 1630 alienissimi
1484 1592 1818 1640 coniunguntur,
1846 1589 2079 1630 Micionem

461 1666 542 1704 sibi
585 1676 634 1705 ac
675 1666 885 1705 Demeam
925 1668 968 1705 et
1010 1667 1136 1706 vivos
1169 1669 1212 1706 et
1245 1667 1521 1707 voluntarios
1549 1669 1727 1706 tantum
1759 1667 1928 1707 amicos
1956 1677 2077 1717 esse,

460 1742 678 1781 Simulum
723 1753 825 1781 vero
868 1744 912 1781 et
954 1744 1180 1782 mortuum
1224 1745 1268 1782 et
1307 1753 1393 1783 non
1437 1744 1582 1783 solum
1621 1743 1816 1783 amicum
1848 1743 2078 1783 voluntate

460 1819 534 1858 sed
559 1819 693 1858 etiam
719 1819 1045 1858 necessitudine
1072 1819 1209 1859 fuisse
1236 1821 1536 1871 coniunctum,
1571 1821 1615 1860 in
1646 1831 1734 1870 qua
1759 1831 1806 1860 re
1832 1821 1875 1860 et
1899 1820 1963 1860 illi
1989 1830 2076 1860 non

458 1895 595 1934 deerit
627 1897 669 1933 et
701 1894 770 1933 his
801 1897 1024 1943 purgatur.
1053 1897 1078 1934 2
1106 1895 1160 1934 Et
1192 1895 1421 1945 ‘cognatus
1447 1898 1558 1936 mihi
1585 1899 1695 1937 erat’
1721 1897 1848 1937 vultu
1874 1898 2074 1947 adiuvat,

457 1972 560 2019 quia
594 1981 679 2010 non
711 1981 736 2009 a
768 1972 1076 2011 coniunctione
1107 1973 1330 2023 inceptiva
1361 1976 1555 2024 sumpsit
1585 1975 1830 2016 exordium.

631 2046 654 2082 3
683 2055 890 2082 coeamus
919 2056 1011 2082 mm
1035 2057 1141 2083 ERAT
1166 2049 1291 2085 officia
1316 2050 1446 2087 multa
1469 2052 1611 2086 contra
1634 2061 1761 2087 unum
1786 2050 1958 2087 officium
1983 2051 2074 2086 ami·

577 2100 693 2136 citiae
721 2100 891 2136 Demeae
920 2110 965 2137 ac
993 2102 1184 2138 Micionis.

520 2182 538 2218 1
580 2191 900 2220 PAUPERTATEM
933 2192 1022 2221 UNA
1058 2193 1335 2223 PERTULIMUS
1368 2183 1630 2234 ἐπαναφορά,
1667 2186 1691 2223 2
1725 2187 1770 2224 et
1799 2185 1902 2233 quia
1931 2185 2076 2234 magis

458 2257 684 2305 coniungit
717 2257 935 2296 malorum
971 2260 1244 2298 consortium
1275 2270 1409 2308 quam
1442 2260 1674 2300 bonorum.

520 2334 538 2370 1
574 2343 649 2370 ITA
673 2330 702 2383 ¹)
732 2343 899 2372 FAcrAM
931 2345 1153 2374 ΕΧΡΕΒΙΑΒ
1184 2337 1248 2375 sic
1280 2337 1398 2386 dicit,
1432 2347 1485 2376 ne
1518 2337 1635 2376 dicat
1667 2336 1938 2387 ‘vindicabo',
1962 2337 2074 2386 quod
2105 2322 2109 2326 ¹

459 2407 554 2446 vult
580 2410 722 2457 magis
749 2409 1043 2458 significatum
1074 2422 1172 2451 esse
1198 2423 1329 2460 quam
1359 2413 1546 2462 dictum,
1575 2414 1598 2452 2
1628 2416 1670 2452 et
1703 2424 1758 2453 ne
1780 2410 1810 2459 ²)
1843 2414 1883 2453 ei
1914 2413 2072 2453 dicere-

457 2485 527 2522 tur
560 2483 681 2522 ‘nihil
711 2486 902 2535 potcris’,
936 2487 1050 2535 quod
1081 2488 1134 2527 ad
1167 2489 1462 2538 incipiendum
1496 2490 1658 2529 sufficit
1683 2490 1797 2529 dixit
1827 2490 2073 2539 ‘experiar’.

513 2569 694 2599 ANIMAM
724 2571 982 2607 RELINQUAM
1014 2564 1216 2604 modesta
1247 2567 1559 2605 comminatio:
1594 2567 1714 2616 prius
1741 2566 1844 2615 quid
1870 2566 1954 2605 sibi
1979 2576 2072 2615 pos·

456 2635 514 2673 sit
547 2636 722 2674 evenire
755 2637 886 2686 dixit,
921 2648 1053 2686 quam
1086 2641 1188 2688 quid
1220 2651 1432 2690 passurus
1464 2643 1522 2681 sit
1554 2643 1820 2682 Aeschinus,
1857 2694 1861 2699 .

519 2714 535 2749 1
579 2721 784 2751 FRATREM
833 2724 1087 2754 convenam
1135 2727 1268 2756 neem
1318 2718 1521 2758 vultuose
1567 2718 1944 2768 pronuntiandum
1990 2718 2073 2758 hoc

454 2789 566 2834 quod
605 2789 770 2828 addidit
806 2790 988 2839 ‘Hegio',
1022 2794 1146 2839 quasi
1180 2794 1314 2834 dicat:
1350 2805 1420 2834 res
1451 2797 1495 2834 in
1527 2806 1661 2834 manu
1693 2795 1842 2835 fratris
1873 2796 1944 2834 est
1975 2804 2071 2834 con·

456 2864 633 2916 stituta‚
666 2875 752 2904 non
786 2876 898 2905 mea.
933 2867 956 2904 2
991 2877 1093 2912 QUID
1125 2879 1227 2908 mm
1254 2880 1500 2910 RESPONDES
1526 2872 1873 2920 respondere
1899 2871 2070 2920 proprie

357 3031 379 3075 ²)
406 3031 625 3068 Terentius:
651 3036 786 3070 ‘nitar’.

354 3085 379 3125 ²)
407 3085 522 3119 codd.
548 3086 605 3121 ‘Et
631 3087 692 3125 re',
717 3090 856 3124 correxi
882 3092 928 3124 ‘et
955 3090 1022 3125 ne'.
