2242 3443
1051 204 1072 241 7

170 333 220 369 32
351 329 375 367 5
419 338 544 367 Num.
586 338 709 367 1STAO
751 338 857 367 OPUS
899 338 974 366 EST
1017 337 1130 366 ARTE
1173 328 1282 367 mire
1324 329 1412 366 ait:
1458 333 1551 368 arte
1583 341 1667 369 non
1700 342 1807 379 Opus
1838 334 1921 381 est,

287 405 363 443 sed
396 415 504 453 opus
539 406 607 443 est
639 404 822 443 artibus.

169 485 219 520 33
346 481 371 518 2
399 491 477 519 SED
509 490 582 518 Hrs
611 481 758 531 ζεῦγμα
786 490 811 518 a
838 479 1080 528 superiore,
1109 480 1221 526 quod
1250 480 1507 518 subauditur
1535 479 1742 519 ‘artibus'.
1762 484 1786 520 3
1804 492 1924 520 s1TAs

285 556 571 604 constitutas,
604 555 785 604 positas.

464 631 480 663 i
513 626 535 650 *
564 639 636 664 SED
666 639 732 664 HIS
762 638 865 671 QUAS
894 638 1049 664 SEMPER
1078 638 1119 663 IN
1147 638 1195 663 TE
1224 638 1436 663 INTELLEXI
1461 638 1572 664 SITAs
1602 629 1687 673 ipse
1707 629 1768 665 hic
1792 631 1921 673 signa-

405 683 563 718 tissime
593 682 767 718 ostendit
795 682 945 718 multas
976 682 1187 726 variasque
1216 684 1323 718 artes
1353 692 1460 726 esse⁷
1490 683 1525 717 id
1557 684 1620 718 est
1648 685 1793 726 ἀρετὰς,
1822 694 1919 727 quae

404 737 570 773 virtates
599 737 904 780 intelleguntur.

165 812 216 848 34
343 809 366 846 2
395 819 494 847 FIDE
521 809 573 848 ad
601 809 875 858 complenda,
905 818 1255 847 TAOITURNITATE
1284 809 1336 846 ad
1369 807 1549 846 celanda
1566 808 1787 846 mandata.
1807 809 1831 846 3
1850 820 1919 846 Ex-

282 894 436 924 SPEOTO
478 895 580 930 QUID
618 895 741 923 VELIS
778 883 1012 933 ‘exspecto'
1057 884 1272 931 desidero,
1316 885 1364 921 ut
1401 882 1620 930 Vergilius
1655 882 1917 931 ‘exspectate

283 961 422 999 venis’
454 961 575 1001 (Aen.
611 961 650 999 2.
684 961 798 1006 283).

458 1036 475 1070 1
503 1045 593 1070 FIDE
613 1045 660 1070 ET
677 1043 999 1070 TAGITURNITATE
1014 1034 1048 1069 fi
1060 1035 1111 1069 de
1122 1044 1141 1069 S
1159 1035 1221 1069 est
1236 1033 1607 1069 commendatorum
1622 1032 1699 1067 fida
1714 1032 1916 1069 exsecutio

403 1088 464 1124 vel
488 1089 764 1133 observantia,
791 1089 1022 1125 taciturn
1036 1088 1131 1124 itas
1154 1097 1248 1123 vero
1264 1087 1545 1123 observantiae
1561 1096 1688 1130 genus
1705 1086 1742 1120 in
1761 1087 1918 1122 silentio

403 1143 627 1178 constituta
663 1145 702 1178 et
739 1143 779 1177 in
818 1143 979 1179 celando
1019 1143 1195 1186 Secreta;
1235 1140 1387 1186 quaerit
1417 1142 1551 1177 autem
1584 1141 1918 1181 taciturnitatem,

400 1206 450 1232 ne
474 1198 616 1240 prodat
641 1196 852 1241 Pamphilo
877 1197 1098 1240 secretum,
1126 1196 1231 1240 quod
1255 1196 1290 1231 ei
1314 1196 1669 1231 commendaturus
1694 1196 1768 1230 est.
1787 1196 1808 1229 4
1826 1204 1919 1236 Qun)

402 1260 513 1286 VELIS
551 1251 662 1286 deest
700 1251 819 1294 scire,
858 1261 952 1286 nam
991 1251 1026 1285 si
1055 1250 1225 1286 dixisset
1254 1250 1370 1294 ‘quod
1397 1249 1509 1285 velis'
1540 1248 1636 1284 nihil
1666 1249 1918 1284 desideraret.

165 1327 215 1363 35
347 1323 367 1360 1
397 1332 478 1361 EGO
504 1331 732 1367 POSTQUAM
758 1333 810 1360 TE
836 1332 874 1361 E.
904 1334 946 1361 A.
971 1333 1008 1361 P.
1029 1322 1349 1361 commendatio
1365 1330 1572 1369 personae
1589 1330 1719 1368 quam
1741 1317 1768 1360 1)
1785 1320 1919 1367 servi,

282 1408 336 1436 ne
376 1400 529 1437 contra
571 1397 710 1436 filium
750 1398 838 1437 levi
880 1408 1007 1437 servo
1040 1398 1199 1445 aliquid
1232 1397 1450 1436 committi
1478 1397 1677 1435 indecore
1709 1395 1920 1434 videatur.

284 1474 308 1512 3
341 1483 422 1512 EGO
454 1483 683 1519 POSTQUAM
716 1485 767 1512 TE
798 1484 837 1513 E.
873 1485 914 1513 A.
948 1485 986 1513 P.
1021 1484 1107 1512 non
1139 1473 1243 1512 ‘emi
1276 1483 1300 1511 a
1331 1472 1526 1522 parvulo’
1561 1473 1636 1510 sed
1670 1470 1707 1509 ‘a
1738 1471 1918 1519 parvulo

283 1551 330 1588 ut
371 1549 563 1589 clemens
597 1549 677 1588 tibi
708 1550 840 1589 fuerit
873 1550 1086 1599 servitus,
1122 1549 1238 1588 sciS'.
1271 1544 1327 1595 (α)
1361 1552 1384 1586 4
1418 1559 1473 1587 UT
1506 1558 1671 1586 SEMPER
1703 1558 1789 1585 TIBI
1823 1556 1917 1585 con-

279 1626 567 1665 tinuationem
601 1625 822 1674 significat
854 1625 1072 1674 ‘semper’.

457 1701 478 1735 2
516 1709 590 1735 EGO
629 1709 839 1742 POSTQUAM
874 1709 921 1735 TE
952 1710 985 1735 E.
1016 1710 1055 1736 A.
1084 1709 1119 1735 P.
1150 1699 1230 1734 tale
1258 1700 1320 1734 est
1346 1699 1525 1742 ‘parvum
1554 1707 1626 1742 ego
1654 1699 1693 1733 te
1721 1697 1916 1741 Iugurtha

401 1754 584 1798 (excepi)’
619 1753 712 1796 (Sall
739 1754 828 1799 Iug.
861 1755 922 1789 10.
954 1756 1001 1795 1).
1032 1754 1054 1789 3
1086 1765 1108 1788 α
1138 1753 1215 1789 hoc
1243 1754 1305 1788 est
1334 1753 1369 1788 ‘a
1393 1752 1558 1797 parvulo
1587 1751 1690 1786 scis'.

161 1829 211 1865 36
342 1825 367 1864 3
405 1835 525 1864 APUD
556 1835 615 1864 ME
648 1835 779 1864 IUSTA
805 1836 856 1864 ET
890 1835 1085 1864 CLEMENS
1117 1824 1361 1872 moderata,
1398 1834 1551 1871 aequa,
1586 1822 1689 1860 talis
1721 1821 1788 1860 cui
1820 1831 1911 1859 con-

274 1900 457 1940 trarium
512 1900 732 1949 Vergilius
788 1901 850 1940 ait
899 1900 956 1939 ‘et
1003 1900 1151 1948 iniquo
1200 1899 1388 1948 pondere
1436 1900 1484 1937 r.'
1531 1900 1574 1936 et
1628 1896 1787 1944 ‘iniquo
1833 1895 1912 1933 sub

274 1976 394 2015 fasce
435 1986 477 2016 u,
521 1987 556 2016 c.
601 1976 652 2015 c.'
693 1976 757 2024 (G.
805 1978 841 2015 1.
889 1977 987 2024 164,
1027 1976 1066 2014 3.
1101 1975 1223 2019 347):
1258 1984 1362 2013 nam
1394 1974 1466 2022 qui
1498 1971 1688 2011 ‘iustam'
1721 1971 1909 2010 debitam

274 2061 389 2091 nunc
420 2052 503 2091 dici
535 2054 710 2101 putant,
744 2052 852 2090 nihil
884 2051 1072 2090 afferunt
1105 2051 1158 2089 ad
1189 2051 1426 2089 iuvandam
1459 2048 1739 2087 sententiam.
1768 2048 1792 2085 5
1819 2055 1910 2083 SER-

274 2136 400 2165 v1TUS
457 2128 567 2167 mire
616 2129 880 2167 servitutem
930 2137 1006 2176 pro
1061 2127 1293 2166 dominatu
1346 2126 1514 2174 posuit3
1563 2123 1625 2162 sic
1678 2122 1911 2161 Sallustius

274 2202 384 2241 ‘dein
418 2203 568 2242 servili
600 2204 783 2252 imperio
817 2205 966 2251 patres
999 2213 1039 2251 p.
1073 2202 1122 2241 e.’
1157 2201 1325 2250 (fragm.
1359 2201 1397 2239 H
1435 2202 1470 2238 1.
1508 2201 1587 2240 11).

450 2279 468 2312 1
513 2274 535 2297 *
576 2287 697 2313 IUSTA
738 2287 786 2312 ET
832 2285 1010 2312 OLEMENS
1049 2286 1084 2310 F.
1122 2285 1153 2311 s.
1194 2277 1250 2311 ita
1287 2274 1385 2310 dixit
1424 2274 1568 2317 ‘iustaz
1599 2275 1642 2309 ut
1673 2271 1761 2307 alibi
1817 2272 1906 2306 ‘non

393 2340 558 2367 necesse
597 2331 723 2368 habeo
761 2332 896 2367 omnia
932 2340 1004 2374 pro
1041 2338 1130 2365 meo
1167 2329 1252 2365 iure
1289 2329 1420 2373 agere'
1450 2329 1534 2370 (Ad.
1566 2328 1653 2368 51):
1684 2325 1775 2370 quid
1805 2326 1906 2359 enim

394 2395 474 2420 non
512 2386 667 2420 iustum
708 2385 868 2420 domino
911 2383 950 2418 in
989 2384 1183 2419 servum?
1223 2385 1243 2418 2
1276 2392 1395 2418 IUSTA
1424 2393 1472 2418 ET
1500 2390 1675 2417 OLEMuns
1706 2379 1838 2414 ‘iusta’
1869 2379 1906 2412 in

393 2449 471 2483 qua
498 2438 593 2475 nihil
622 2438 804 2482 iniquum
832 2439 1010 2482 iubetur,
1042 2437 1243 2473 ‘clemens’
1273 2437 1312 2471 in
1341 2445 1418 2480 qua
1447 2436 1567 2471 etiam
1597 2436 1642 2470 de
1672 2435 1778 2469 iusto
1807 2432 1905 2466 mul-

394 2494 482 2528 tum
527 2492 760 2528 remittitur.
813 2493 835 2526 4
883 2501 1004 2527 IUSTA
1047 2501 1094 2526 ET
1135 2501 1167 2527 c.
1210 2501 1244 2525 F.
1288 2500 1319 2525 S.
1366 2490 1591 2525 libertatem
1633 2489 1904 2531 imputaturus

393 2547 630 2583 clementem
656 2546 794 2582 intulit
823 2546 1078 2581 servitutem.

155 2621 202 2657 37
332 2618 357 2655 3
406 2617 455 2656 Et
487 2628 590 2656 Mfflr
632 2615 806 2666 ἔμφασιν
849 2616 998 2654 habet:
1039 2615 1152 2663 quod
1186 2614 1293 2653 mihi
1325 2614 1508 2652 libertus
1541 2613 1682 2651 factus
1714 2611 1791 2658 sis,
1820 2619 1902 2647 non

270 2691 371 2732 filio.
406 2695 430 2733 6
463 2703 522 2731 Ex
552 2703 687 2731 SERvo
720 2692 830 2730 mire
860 2691 1027 2730 addidit
1062 2691 1131 2729 ‘ex
1158 2690 1315 2738 servo’‚
1350 2692 1398 2727 ut
1428 2690 1515 2726 vim
1543 2685 1737 2726 beneficii
1765 2686 1903 2723 Osten-

271 2768 403 2807 deret.
448 2769 470 2807 7
517 2769 611 2807 SCIS
651 2778 746 2806 EEcr
788 2778 844 2806 Ex
877 2777 1011 2805 SERVO
1043 2777 1099 2805 UT
1131 2775 1257 2805 ESSES
1289 2774 1497 2802 LIBERTUS
1544 2772 1642 2801 MIHI
1674 2761 1773 2798 hinc
1804 2759 1901 2797 Ver-

270 2843 401 2891 gilius
434 2843 644 2892 ‘nympha
675 2844 808 2882 decus
840 2842 868 2881 f.
903 2852 941 2880 a.
977 2852 1010 2880 c.
1045 2852 1085 2880 n.
1119 2851 1154 2879 S.
1189 2850 1230 2879 U.
1264 2842 1293 2878 t.
1329 2840 1379 2878 c.’
1401 2834 1427 2878 ²)
1460 2835 1583 2886 (Aen.
1623 2837 1686 2874 12.
1724 2834 1832 2880 142).

146 3007 150 3010 .
198 2969 221 3013 ¹)
251 2969 547 3014 Intellegendum
571 2970 719 3004 videtur
741 2968 890 3012 ‘potius’
916 2969 1004 3002 ante
1025 2978 1148 3010 quam,
1174 2968 1214 3000 ut
1237 2964 1314 2999 484.
1341 2965 1370 3004 1,
1395 2964 1471 2998 505.
1492 2963 1522 2997 2.
1548 2962 1589 2997 ln
1609 2962 1744 2996 Mnem.
1762 2960 1815 2994 33.
1839 2959 1902 2993 146

152 3019 259 3056 aliter
281 3021 504 3057 iudicabam.

195 3074 220 3117 ²)
244 3073 327 3109 Hoc
357 3076 431 3110 est:
463 3074 587 3110 ‘decus
611 3073 822 3116 fluviorum,
846 3072 972 3107 animo
998 3070 1217 3115 gratissima
1243 3070 1373 3104 nostro
1399 3067 1473 3102 scis
1498 3069 1538 3102 ut
1562 3069 1597 3101 te
1611 3065 1766 3101 cunctis’
1779 3077 1808 3100 e.
1822 3078 1856 3109 q.
1870 3077 1902 3099 s.
