2242 3443
944 180 1027 218 299

106 303 156 339 28
239 302 262 338 3
296 313 377 338 AU'r
415 313 470 338 n31
508 303 707 347 ‘uspiam',
748 304 820 339 hoc
855 314 993 339 verum
1023 306 1104 348 est;
1136 305 1259 348 igitur
1288 306 1485 349 Donatus,
1516 307 1582 349 qui
1612 307 1684 341 hoc
1713 306 1860 351 posuit,

187 366 358 401 scribere
387 375 466 401 non
495 366 628 410 potuit
661 366 703 402 2:
734 367 910 401 abundat
940 366 1148 411 ‘uspiam';
1178 377 1251 402 nec
1275 376 1415 402 verum
1440 368 1504 402 est
1529 369 1631 410 quod
1658 369 1859 411 sequitur:

182 428 253 463 aut
292 428 405 464 deest
444 427 687 472 ‘profectus’,
722 429 874 463 etenim
903 427 1063 472 uspiam
1092 428 1166 473 hic,
1197 430 1241 464 ut
1272 438 1433 472 semper
1462 428 1553 471 fere,
1584 430 1785 473 significat
1814 430 1862 465 in

187 489 311 534 loco,
341 490 380 524 et
410 489 731 525 additamentum
762 489 843 524 ‘aut
874 489 966 532 quid
995 489 1087 525 tale’
1118 489 1379 525 scholiastam
1409 489 1585 534 peiorem
1615 491 1791 536 denotat,
1818 492 1863 526 ut

187 550 322 594 vulgo.
349 550 528 594 Denique
554 550 577 587 3
603 560 626 585 α
651 550 831 586 eiusdem
857 552 919 586 est
944 550 1141 595 magistri,
1169 552 1212 586 ut
1237 552 1491 586 demonstrat
1508 551 1701 595 particula
1717 552 1863 596 ‘enim’‚

188 621 266 655 quo
304 612 467 655 respicit
505 613 609 656 quod
649 612 748 648 dixit
778 612 817 647 in
848 612 891 647 2:
923 613 1064 648 deesse
1100 611 1348 657 ‘profectus';
1380 612 1522 656 petivit
1552 613 1644 647 illud
1673 623 1722 648 ex
1753 614 1814 650 37.
1844 615 1861 650 1

188 673 288 709 Don.
372 673 397 708 4
426 674 678 718 suspectum,
707 673 796 708 vide
825 674 873 709 ad
903 673 966 709 32.

108 736 160 772 30
241 734 263 771 3
293 735 339 771 cf.
370 736 414 771 ad
447 735 516 770 Ph.
549 735 648 779 12.1,
674 735 741 770 ubi
766 735 911 770 similia
935 735 1137 778 leguntur.
1158 734 1325 770 Ps.Acr.
1343 735 1392 770 ad
1409 734 1503 771 Hor.
1522 745 1641 772 serm.
1663 736 1695 771 1.
1714 736 1750 771 4.
1770 736 1861 773 138:

189 798 404 834 Sermones
430 798 508 833 duo
532 799 642 843 sunt,
667 798 874 838 ἐνδιάθετος
899 799 957 831 καὶ
981 797 1211 840 προφορικός
1235 798 1274 832 et
1298 798 1361 832 est
1386 798 1602 840 ἐνδιάθετος,
1619 808 1696 841 quo
1713 798 1865 833 utimur

187 859 428 903 cogitantes,
461 861 690 903 προφορικὸς
719 869 826 903 vero,
854 859 917 894 cui
946 858 1087 902 lingua
1115 859 1362 903 suppeditat.

109 921 157 957 31
243 921 289 956 de
314 920 544 956 nominibus
570 922 618 956 ad
644 921 790 964 aliquid
816 923 906 963 (τῶν
930 921 1021 964 πρός
1043 923 1089 962 τι)
1118 919 1208 956 vide
1239 921 1312 956 An.
1340 920 1400 957 37.
1417 921 1441 956 4
1465 931 1496 957 ο.
1514 922 1617 966 adn,
1634 920 1722 958 476.
1741 922 1775 958 3.
1792 923 1865 957 Ad.

189 981 277 1019 456.
311 983 343 1018 1.
373 982 442 1017 Ph.
472 981 560 1019 338.
592 982 627 1018 3.

109 1044 158 1080 32
241 1044 398 1080 Donato
432 1047 644 1080 concedere
675 1054 754 1080 non
786 1044 919 1089 potui;
950 1046 1122 1088 utraque
1151 1054 1274 1080 causa
1302 1054 1373 1089 per
1402 1054 1461 1080 an
1499 1045 1616 1088 quia
1643 1045 1780 1088 inepta
1805 1046 1868 1080 est

190 1115 270 1141 non
313 1106 462 1142 iustius
505 1116 810 1152 succensemus,
853 1116 926 1142 nec
963 1116 1066 1142 uxor
1108 1106 1239 1150 magis
1278 1106 1380 1142 irata
1426 1107 1489 1142 est
1530 1106 1706 1142 cessanti
1747 1115 1867 1149 quam

189 1168 360 1213 absenti,
398 1169 588 1212 quamdiu
627 1169 673 1204 de
703 1177 826 1204 causa
855 1168 1094 1204 cessationis
1125 1169 1196 1203 aut
1223 1168 1430 1203 absentiae
1460 1167 1570 1203 nulla
1598 1167 1712 1202 nobis
1743 1167 1868 1202 oritur

192 1229 380 1274 suspicio.
408 1230 529 1266 Recte
558 1230 693 1266 Kauer
723 1231 770 1265 ad
802 1240 836 1265 v.
868 1229 936 1266 28:
968 1229 1052 1265 ‘aut
1081 1230 1132 1264 ibi
1162 1230 1195 1264 si
1219 1230 1369 1265 cesses’
1396 1229 1517 1264 bildet
1540 1229 1600 1265 die
1626 1229 1869 1272 Steigerung

192 1301 240 1326 zu
271 1291 319 1327 ‘si
347 1292 455 1327 absis
485 1292 672 1337 uspiam’,
699 1292 879 1328 insofern
911 1292 1094 1327 abesse
1123 1301 1200 1326 nur
1229 1291 1290 1326 die
1318 1291 1608 1326 Abwesenheit
1644 1290 1869 1335 iiberhaupt

193 1354 426 1398 ausdruckt,
455 1364 664 1390 cessare
692 1355 786 1389 aber
816 1353 1085 1397 beabsichtigt
1113 1353 1180 1388 ist.
1210 1353 1304 1388 Ideo
1331 1362 1489 1396 quoque
1518 1352 1578 1388 28.
1606 1352 1630 1386 4
1659 1352 1755 1386 mihi
1784 1362 1868 1387 sus-

192 1417 354 1460 pectum
377 1417 451 1452 est.
477 1417 659 1452 Donatus
684 1416 899 1451 verborum
923 1415 1237 1458 significationes
1263 1416 1378 1450 acute
1406 1415 1652 1457 distinguere
1682 1414 1796 1458 solet,
1826 1415 1869 1448 ut

194 1487 290 1512 mox
325 1479 437 1514 docet
467 1477 552 1514 332.
584 1478 627 1514 2:
659 1478 747 1514 eine
775 1478 878 1513 feine
908 1477 1262 1520 Unterscheidung
1369 1477 1434 1511 aui
1464 1476 1522 1512 die
1538 1476 1727 1520 iibrigens
1745 1475 1869 1511 schon

194 1539 292 1575 Don.
324 1539 601 1583 hingewiesen
631 1540 711 1575 hat.
744 1539 895 1581 (Kauer
925 1549 961 1584 p.
995 1539 1094 1577 144).

117 1601 167 1636 33
249 1600 272 1637 3
303 1601 348 1637 cf.
380 1600 441 1638 84.
469 1601 505 1638 5.
589 1601 612 1638 5
641 1602 863 1638 secundum
891 1601 989 1637 Don.
1015 1601 1054 1635 in
1081 1600 1104 1636 2
1129 1601 1182 1636 ‘te
1207 1602 1620 1643 amare’nequaquam
1639 1598 1870 1642 ambiguum

194 1664 278 1708 est;
318 1664 528 1707 praeterea
555 1663 655 1699 falso
683 1663 940 1699 contenditur
968 1663 1084 1706 ‘quod
1113 1663 1267 1698 certum
1297 1660 1388 1706 est',
1417 1671 1490 1697 nec
1519 1662 1653 1696 minus
1682 1661 1782 1696 falsa
1809 1662 1873 1697 est

194 1724 261 1759 h.l.
292 1724 500 1761 distinctio
528 1725 633 1761 inter
662 1727 710 1761 te
740 1726 781 1760 et
810 1726 930 1760 tete.

117 1786 167 1822 35
250 1786 273 1823 3
303 1796 327 1821 α
355 1787 587 1823 absurdum.

114 1849 164 1884 36
247 1848 282 1885 2.
312 1848 335 1884 3
366 1849 455 1884 vide
484 1849 771 1894 praefationem
803 1850 849 1884 de
878 1848 1039 1884 scholiis
1068 1848 1265 1884 similibus
1294 1848 1339 1883 ad
1372 1848 1443 1882 Ad.
1537 1848 1583 1884 37
1619 1847 1636 1882 1
1668 1846 1713 1882 cf.
1742 1846 1802 1882 28.
1835 1846 1870 1882 3.

114 1910 166 1946 40
247 1909 271 1946 5
299 1911 346 1946 ad
376 1911 475 1946 Eun.
506 1910 602 1955 204;
634 1911 670 1946 h.
701 1911 724 1946 l.
755 1910 847 1946 ferri
876 1920 998 1955 posse
1026 1910 1186 1946 videtur
1214 1910 1329 1945 iuxta
1357 1909 1391 1943 4.

116 1971 166 2008 42
248 1971 272 2008 2
301 1972 346 2007 cf.
382 1971 487 2017 864²,
517 1974 593 2008 An.
622 1972 692 2010 36..
768 1972 790 2008 3
820 1972 978 2007 falsum.

114 2033 165 2069 43
249 2034 273 2070 2
301 2033 569 2078 Quintilianus
602 2036 633 2071 1.
660 2034 694 2070 6.
722 2033 789 2070 36:
815 2033 1105 2078 ingenioseque
1129 2033 1242 2068 visus
1267 2034 1329 2067 est
1357 2031 1507 2066 Gavius
1529 2030 1874 2066 ‘Caelibes'dicere

195 2095 322 2131 veluti
352 2095 555 2141 ‘caelites’,
584 2097 687 2140 quod
716 2105 838 2131 onere
868 2094 1108 2139 gravissimo
1138 2095 1296 2139 vacent,
1320 2094 1437 2137 idque
1461 2092 1611 2128 Graeco
1635 2093 1874 2135 argumento

194 2158 316 2194 iuvit:
347 2159 493 2202 ἠϊθέους
522 2158 629 2194 enim
660 2158 798 2193 eadem
827 2158 873 2192 de
902 2167 1025 2192 causa
1054 2156 1127 2192 dici
1155 2156 1340 2192 affirmat.
1367 2154 1453 2191 3.4.
1472 2154 1494 2191 5
1520 2154 1607 2189 vide
1629 2163 1729 2197 quae
1744 2153 1872 2197 dispu-

195 2220 297 2257 tavit
326 2220 461 2256 Kauer
487 2220 533 2255 ad
564 2220 602 2255 h.
631 2219 654 2254 l.
739 2219 761 2255 5
791 2219 836 2254 cf.
868 2218 954 2254 796.
984 2218 1008 2254 2
1037 2219 1111 2253 An.
1140 2218 1224 2254 113.
1255 2217 1342 2253 442.

115 2282 166 2320 45
249 2282 274 2319 2
302 2282 400 2318 Don.
431 2282 555 2326 igitur
584 2281 839 2325 interpunxit
870 2281 963 2324 post
993 2279 1193 2324 ‘semper',
1224 2279 1272 2315 cf.
1301 2279 1448 2314 Kauer.
1481 2279 1526 2312 ad
1559 2278 1595 2312 h.
1614 2277 1638 2312 l.
1721 2275 1756 2312 3.
1775 2275 1874 2310 refu-

197 2345 308 2390 tatur
336 2344 435 2379 Don.
466 2343 603 2388 inepte
632 2343 672 2378 in
703 2342 831 2387 primo
860 2342 1062 2377 membro:
1095 2341 1281 2385 ‘semper'
1313 2341 1359 2375 ad
1389 2340 1561 2396 vigetum,
1588 2338 1808 2374 secundum
1834 2338 1875 2371 et

195 2406 363 2442 tertium
403 2406 569 2450 sumpta
606 2404 685 2440 fere
724 2414 774 2440 ex
813 2403 908 2439 Hec.
944 2402 1032 2439 282.
1061 2402 1084 2439 3
1114 2404 1153 2438 et
1181 2403 1258 2437 An.
1290 2401 1350 2437 74.
1382 2401 1417 2437 3.
1447 2401 1499 2436 Cf.
1529 2400 1651 2436 etiam
1681 2400 1755 2434 Ad.
1786 2398 1872 2442 662,

195 2468 251 2504 De
280 2467 524 2504 scholiastae
552 2465 742 2502 formula:
773 2465 1098 2501 referendum
1131 2465 1211 2500 est
1242 2464 1316 2508 ad,
1347 2461 1564 2499 rettulit
1591 2461 1768 2505 ad,sim.
1786 2459 1874 2494 vide

197 2530 273 2566 vol.
303 2530 321 2565 Ι
351 2530 440 2565 adn.
470 2529 516 2565 ad
547 2529 622 2564 An.
652 2527 740 2564 279.
771 2527 873 2563 Eun.
903 2526 965 2563 54.

116 2592 168 2629 46
249 2591 274 2628 2
302 2592 417 2636 Don.,
449 2591 467 2626 1
499 2590 603 2626 alius
633 2588 855 2625 scholiasta
881 2588 1009 2624 aliter.

118 2653 166 2691 47
254 2653 273 2689 1
299 2654 346 2689 ct.
372 2653 473 2689 Eun.
501 2653 561 2690 11.
592 2652 626 2697 1,
654 2651 738 2688 115.
760 2651 793 2687 1.
878 2651 902 2687 2
925 2651 1040 2686 iuxta
1065 2651 1165 2686 Don.
1193 2651 1211 2687 1
1239 2649 1347 2685 dedit
1371 2648 1472 2684 alius
1498 2646 1739 2689 scholiasta;
1766 2643 1877 2679 ‘mihi

198 2712 511 2760 abundat'1):
543 2724 662 2758 saepe
686 2714 767 2748 iam
797 2712 1016 2756 magistros
1047 2713 1094 2747 ad
1124 2712 1200 2749 An.
1231 2712 1270 2746 et
1299 2710 1399 2745 Eun.
1424 2718 1634 2754 perperam
1659 2708 1876 2742 adnotasse

196 2777 373 2813 vidimus
402 2777 549 2821 aliquid
579 2776 863 2818 abundare;
893 2773 938 2810 cf.
968 2774 1048 2810 vol.
1077 2774 1095 2809 I
1125 2773 1247 2818 praef.
1279 2772 1372 2807 XX.

118 2839 169 2876 48
250 2838 275 2875 2
312 2848 402 2874 raro
443 2838 541 2876 Don.
580 2839 625 2873 ut
662 2837 700 2872 h.
737 2836 760 2872 l.
801 2836 971 2872 aliorum
1000 2835 1376 2880 interpretationem
1410 2833 1598 2868 audacter
1627 2831 1682 2865 sic
1710 2828 1878 2874 spernit,

162 3030 184 3073 ¹)
210 3030 300 3065 Sero
332 3029 408 3065 vidi
440 3031 560 3065 totum
594 3029 663 3063 hoc
690 3027 874 3062 scholium
899 3026 1067 3072 spurium
1093 3025 1131 3061 in
1157 3027 1261 3060 textu
1289 3022 1469 3058 omissum
1496 3033 1592 3061 esse,
1618 3019 1719 3065 quod
1754 3018 1807 3054 sie
1832 3031 1872 3054 se

112 3081 243 3118 habet:
267 3083 289 3117 2
312 3083 401 3118 [Nos
427 3095 495 3118 mo
519 3093 607 3116 nmo
631 3080 742 3116 ‘inde‘
767 3092 832 3124 pro
857 3092 902 3114 ex
922 3078 1061 3123 quibus
1085 3080 1123 3113 et
1147 3076 1261 3113 ‘mihi’
1287 3074 1468 3111 abundat.
