2242 3443
277 192 471 220 minimum
1118 181 1202 219 220

272 1721 321 1756 86

274 2627 323 2663 38

391 306 470 344 hac
501 316 670 354 quoque
704 307 936 345 Terentius
967 309 1131 353 servat,
1166 308 1214 344 ut
1246 303 1483 354 προτατικόν
1516 304 1748 354 πρόσωπον,
1780 305 1821 343 id
1853 306 1922 344 est
1955 314 2040 352 per·

390 393 544 421 sonam
580 386 706 422 extra
738 385 1066 431 argumentum,
1105 383 1304 429 inducat;
1334 383 1403 421 eui
1431 382 1534 421 dum
1563 382 1615 421 ob
1644 383 1723 421 hoc
1751 382 1909 431 ipsum,
1930 381 2042 429 quod

394 459 528 497 veluti
573 459 713 497 aliena
757 460 901 506 <a>
943 462 1035 498 tota
1079 458 1226 497 fabula
1269 460 1349 506 est,
1394 468 1464 497 res
1497 460 1623 507 gesta
1655 459 1870 507 narratur,
1904 458 2043 497 discat

391 535 575 583 populus
604 539 777 574 textum
807 541 848 574 et
877 535 1191 574 continentiam
1222 544 1367 573 rerum
1388 535 1533 582 sitque
1552 535 1796 574 instructus
1813 534 1865 573 ad
1886 534 2043 573 cetera.

391 612 413 648 2
458 622 619 649 Amicus
662 622 839 649 summus
882 621 996 649 meus
1038 613 1080 649 in
1125 612 1206 649 hac
1248 620 1425 662 scaena,
1459 620 1570 658 quae
1603 610 1785 649 docendi
1819 611 1949 658 atque
1982 610 2042 649 in·

383 688 578 728 struendi
629 689 891 736 spectatoris
940 698 1072 726 causa
1120 687 1351 733 inducitur,
1403 687 1503 725 miri
1547 687 1827 726 extrinsecus
1869 685 2043 735 lepores

386 766 655 812 facetiaeque
689 767 926 802 cernuntur
960 766 1002 802 et
1035 764 1152 802 sales
1185 763 1365 810 comici;
1395 763 1435 801 id
1465 763 1581 802 enim
1610 765 1678 802 est
1704 763 1815 802 artis
1831 763 2041 812 poeticae,

390 843 436 879 ut
469 850 565 879 cum
602 841 841 878 narrationi
879 841 1127 888 argumenti
1162 840 1289 878 detur
1322 849 1466 888 opera,
1501 839 1588 878 iam
1623 840 1772 878 tamen
1805 848 1875 878 res
1903 839 1973 888 agi
2001 840 2044 878 et

388 916 613 956 comoedia
649 917 840 965 spectari
874 917 1088 954 videatur.
1133 918 1156 954 4
1177 912 1202 953 ¹)
1236 915 1288 953 Et
1321 915 1419 954 vide
1452 924 1633 954 servum
1667 915 1838 954 ostendi
1871 913 2042 954 Davum

389 996 431 1032 et
475 1003 557 1031 non
603 993 787 1040 ostendi,
822 993 948 1031 cuius
981 989 1040 1032 sit
1072 1002 1245 1031 servus.
1280 993 1304 1031 5
1338 1002 1503 1030 Animos
1537 1001 1716 1030 summus
1748 1001 1865 1030 unus
1896 1000 2043 1040 causa,

387 1080 460 1107 cur
495 1070 536 1107 in
571 1078 777 1107 scaenam
807 1069 1011 1117 procedat
1040 1068 1204 1107 Davus.
1236 1069 1259 1107 7
1289 1078 1533 1107 Portunus
1561 1068 1756 1107 eiusdem
1777 1067 2045 1107 condicionis

386 1145 639 1193 gregisque:
670 1144 908 1183 Sallustius
933 1143 1077 1194 (Catil.
1098 1145 1166 1183 22.
1191 1146 1228 1187 ll
1257 1144 1493 1193 ‘popularis
1520 1144 1701 1184 sceleris
1728 1143 1825 1183 sui’.
1858 1144 1910 1183 12
1927 1145 2042 1185 (Am-

387 1232 465 1260 cth
493 1230 670 1259 summus
699 1224 828 1264 Mirus)
858 1220 1007 1259 Davus
1035 1223 1163 1259 extra
1180 1221 1290 1260 duas
1307 1220 1502 1259 familias
1518 1220 1752 1269 inducitur,
1774 1220 1945 1268 quaein
1963 1219 2044 1260 hac

384 1300 487 1336 sunt
504 1296 663 1343 fabula,
685 1296 854 1335 alienus
871 1306 920 1335 ac
940 1307 1014 1345 per
1031 1297 1112 1335 hoc
1129 1297 1323 1346 ignarus,
1344 1297 1413 1336 cui
1431 1296 1541 1336 Geta
1557 1298 1706 1336 narret
1717 1298 2043 1345 argumentum.

596 1372 618 1408 3
648 1382 797 1408 Amoris
837 1382 1003 1408 summus
1041 1382 1148 1407 mnus
1187 1372 1408 1409 insinuatio
1443 1381 1642 1418 personae
1670 1372 1771 1418 eius,
1800 1381 1903 1416 quae
1931 1371 2027 1407 indu

538 1426 642 1463 citur
670 1428 717 1462 ad
748 1427 989 1463 audiendum
1022 1428 1326 1471 argumentum.
1358 1426 1380 1462 6
1409 1423 1431 1445 *⁵
1456 1436 1605 1463 timens
1627 1436 1649 1462 a
1673 1426 1899 1472 voluntate,
1923 1435 2043 1462 Popu-

539 1490 656 1516 LARIS
684 1490 706 1516 a
732 1481 905 1518 fortuna.
933 1481 954 1517 8
982 1481 1029 1517 Et
1054 1491 1278 1517 POPULARIS
1306 1481 1452 1526 populo
1478 1483 1642 1517 amatus
1668 1482 1745 1517 est.
1769 1479 1792 1517 9
1817 1489 2042 1518 POPULARIS

539 1536 637 1571 civis
674 1537 749 1571 est.
791 1536 838 1572 10
877 1545 1102 1572 POPULAms
1138 1535 1302 1571 humilis
1332 1536 1409 1572 est.
1441 1535 1486 1571 11
1517 1545 1743 1571 POPULAars
1774 1535 1863 1571 vilis
1892 1533 2041 1582 <e>

541 1589 768 1635 populoque
813 1590 957 1635 factus,
1002 1593 1045 1625 ut
1084 1590 1118 1625 si
1156 1590 1245 1634 quis
1282 1590 1386 1626 dicat
1416 1589 1681 1626 sordidum
1712 1589 2043 1634 popularem-

539 1644 625 1691 <q
639 1654 661 1679 u
675 1644 761 1690 e>
791 1645 930 1680 civem.

457 1721 474 1755 l
511 1728 615 1757 ΗΕΒΙ
647 1728 707 1756 AD
740 1728 798 1756 ME
835 1727 961 1756 vnmr
994 1720 1173 1766 apparet
1206 1718 1300 1757 heri
1332 1717 1470 1756 fuisse
1499 1717 1690 1766 nuptias.
1721 1717 1745 1755 2
1772 1725 1878 1755 ΗΕΒῙ
1905 1725 1965 1754 AD
1982 1725 2042 1753 ΜΕ

391 1803 519 1832 νΕΝΙΤ
562 1796 737 1842 propter
779 1794 1086 1841 cognationem
1131 1803 1154 1831 Ε
1197 1795 1240 1832 et
1278 1804 1291 1831 1
1323 1793 1574 1832 litterarum
1608 1802 1692 1832 non
1726 1791 2043 1831 dubitaverunt

390 1870 558 1916 antiqui
604 1872 646 1908 et
692 1870 821 1908 here
870 1871 914 1908 et
960 1869 1082 1908 heri
1126 1869 1270 1908 dicere
1314 1871 1357 1908 et
1398 1878 1558 1908 mane
1592 1870 1636 1908 et
1667 1868 1817 1908 mani
1849 1869 1891 1906 et
1925 1876 2042 1907 ves-

390 1955 518 1994 pere
552 1947 594 1984 et
626 1945 869 1994 vesperi.
904 1947 928 1983 4
964 1955 1077 1984 ERAT
1111 1956 1151 1983 EI
1186 1956 1240 1984 DE
1272 1955 1556 1984 RATIUNGULA
1585 1928 2041 1994 opportunadiminu-

390 2022 450 2059 tio
498 2022 540 2059 in
589 2031 634 2060 re
681 2021 855 2060 servili:
905 2020 1184 2061 ‘ratiuncula’
1227 2023 1272 2061 et
1313 2017 1655 2070 ‘pauxillulum'.
1699 2022 1723 2060 5
1767 2029 1881 2059 ERAT
1913 2030 1956 2058 ΕΙ
1988 2029 2044 2059 ΒΕ

390 2107 673 2137 RATIUNCULA
716 2098 942 2137 moraliter
984 2097 1134 2137 intulit
1168 2098 1274 2137 ‘erat
1308 2094 1385 2137 ei’:
1420 2098 1565 2147 magis
1597 2097 1713 2137 enirn
1748 2097 1941 2136 facetum
1975 2098 2044 2135 est

389 2176 433 2212 et
465 2163 704 2222 comicum,
728 2184 826 2213 eum
854 2172 1079 2220 ἀσυνδέτως
1106 2174 1305 2223 infertur,
1333 2184 1466 2223 quam
1485 2174 1523 2213 si
1541 2174 1706 2213 diceret
1725 2172 1842 2212 ‘nam
1860 2174 1955 2212 erat
1971 2172 2040 2211 ei‘.

595 2248 616 2284 3
647 2258 750 2283 ERAT
776 2258 813 2283 ΕΙ
840 2258 890 2284 DE
916 2258 1175 2284 RATIUNCULA
1200 2249 1314 2285 deest
1338 2248 1473 2295 ‘nam’‚
1491 2249 1559 2285 sed
1576 2248 1676 2284 mire
1692 2247 1947 2284 subtractum
1964 2247 2042 2283 est.

457 2321 474 2357 1
518 2330 598 2358 IAM
633 2330 796 2358 ΡΕΙΒΕΜ
829 2330 948 2359 APUD
981 2331 1040 2358 ΜΕ
1074 2330 1115 2359 R.
1147 2320 1198 2360 de
1231 2322 1495 2370 argumento
1528 2320 1721 2359 sumitur
1752 2328 1886 2358 causa
1915 2317 2039 2357 collo·

419 2396 528 2443 quii:
574 2406 678 2434 nam
723 2395 878 2435 ‘debui'
911 2397 1052 2443 inquit
1087 2396 1248 2446 ‘Getae,
1284 2399 1326 2436 et
1356 2397 1430 2436 ille
1463 2407 1488 2435 a
1521 2406 1592 2435 me
1624 2395 1776 2445 exigit,
1811 2397 1860 2434 ut
1891 2404 2036 2434 mune·

391 2474 509 2510 retur
541 2472 744 2510 dominus
777 2472 829 2510 ob
863 2473 1041 2521 nuptias
1072 2473 1240 2512 factas’.
1271 2475 1292 2512 2
1322 2483 1642 2512 PAUXILLULUM
1669 2473 1853 2521 quartus
1880 2471 2040 2520 gradus

391 2547 716 2585 diminutionis:
750 2547 927 2595 paulum
962 2548 1187 2596 paululum
1223 2548 1466 2597 pauxillum
1499 2547 1811 2597 pauxillulum.

456 2625 472 2661 1
520 2634 564 2660 ιι)
607 2634 660 2661 UT
704 2634 973 2662 οοΝΕιοΕΒΕΜ
1014 2623 1186 2670 ἔλλειψις
1220 2626 1384 2674 prima;
1419 2626 1444 2664 2
1478 2627 1522 2664 et
1553 2633 1823 2664 οοΝΕΙοΕΒΕΜ
1854 2623 2037 2672 proprie,

392 2709 494 2737 nam
528 2699 657 2737 fieri
693 2700 875 2747 pecunia
899 2699 1139 2749 dicebatur,
1159 2701 1396 2740 Sallustius
1413 2702 1455 2740 II
1473 2701 1602 2740 (Hist.
1622 2701 1661 2740 2.
1681 2701 1733 2739 fr.
1752 2701 1808 2739 34
1828 2687 1896 2739 M.)
1916 2697 2039 2747 ‘quae

392 2775 574 2822 pecunia
607 2775 658 2813 ad
693 2774 984 2823 Hispaniense
1018 2775 1181 2815 bellum
1216 2777 1389 2816 Metello
1422 2778 1541 2816 tacta
1567 2777 1688 2815 erat’.
1718 2777 1743 2815 3
1772 2784 2039 2814 CONFIGEREM

393 2851 494 2898 quia
534 2851 577 2889 in
621 2854 822 2899 promptu
867 2861 952 2890 non
996 2854 1102 2890 erat.
1146 2855 1170 2891 4
1214 2863 1393 2892 οοΝΕΕοῙ
1436 2862 1602 2892 arr-nno
1633 2852 1753 2900 bene,
1787 2851 1913 2899 quasi
1945 2851 2038 2890 red-

393 2926 519 2964 dendi
554 2936 676 2964 mora
708 2927 917 2974 <nens
953 2927 1154 2966 habere
1187 2929 1332 2969 fuerit.

329 3072 348 3113 ¹)
378 3070 415 3105 lu
444 3074 655 3106 commento
683 3071 828 3106 scholia
853 3072 905 3106 sic
931 3075 1204 3117 sequebantur:
1233 3075 1264 3109 5.
1278 3075 1308 3109 7.
1323 3075 1352 3109 4.
1372 3074 1420 3110 12.

2208 1536 2215 1757 l
