2242 3443
994 226 1049 263 45

286 357 373 385 Nisr
406 357 530 386 Num.
564 349 807 387 IMPE'rREs?
839 349 880 386 in
915 350 1098 396 utraque
1137 349 1251 388 idem
1286 359 1444 388 sensus
1477 352 1561 398 est,
1597 351 1670 389 sed
1702 354 1895 400 superior

285 433 360 470 per
402 423 609 472 ironiam,
653 424 831 462 inferior
863 433 938 471 per
970 424 1216 472 simplicem
1251 424 1606 472 explanationem
1639 426 1837 465 solvitur.

432 497 454 532 3
493 497 542 533 Et
581 497 614 532 si
653 497 815 541 ‘quidni'
846 496 994 539 legeris
1033 498 1349 532 subaudiendum
1391 497 1537 533 ‘adeas'
1576 499 1620 532 ut
1656 498 1728 533 sit:
1758 500 1892 542 quidni

377 551 518 596 adeas,
549 552 594 586 ut
622 551 662 586 te
690 550 919 586 arbitretur'
950 551 1043 586 cett.
1075 552 1096 584 4
1126 561 1264 592 QUIDNI
1290 561 1321 586 s,
1346 560 1383 586 N.
1410 562 1434 586 1.
1461 551 1581 586 ‘nihil'
1599 552 1724 588 ironia
1738 553 1894 589 videtur

375 604 544 639 dictum:
584 604 747 647 quidni?
786 604 820 640 si
858 604 955 639 nihil
1000 605 1145 649 petas?
1182 604 1370 647 quoniam
1409 605 1644 650 petitionem
1678 617 1795 651 saepe
1824 608 1894 643 im-

376 658 550 702 petratio
579 658 774 702 sequitur.

135 755 212 792 318
340 754 360 791 1
396 763 629 792 CHARINUM
661 763 788 792 VIDEO
820 763 854 793 e.
889 763 976 792 non
1010 753 1214 801 imperite
1247 753 1527 802 Pamphilum
1559 754 1745 803 priorem
1777 755 1893 803 loqui

282 827 403 878 fecit,
444 829 520 868 sed
561 830 610 867 ut
641 827 846 868 fiduciam
878 829 950 867 det
983 828 1170 868 Charino
1203 828 1428 877 loquendi,
1462 830 1572 878 quod
1606 832 1649 869 et
1679 831 1892 879 Vergilius

281 902 502 952 eleganter
534 904 674 954 ‘heus,
710 905 868 954 inquit,
901 905 1099 943 iuvenes’
1133 906 1259 952 cett.;
1294 906 1415 950 (Aen.
1452 907 1488 944 1.
1523 907 1635 950 321).

425 978 446 1012 2
475 976 496 998 ³¹⁶
525 988 740 1014 OHARINUM
769 988 888 1014 VIDEo
918 980 964 1014 ad
990 979 1065 1015 hoc
1089 979 1196 1023 prior
1221 979 1358 1023 incipit
1383 980 1637 1025 Pamphilus,
1664 982 1708 1016 ut
1731 982 1778 1016 ad
1804 990 1875 1016 con

371 1030 588 1068 sessionem
618 1032 778 1068 Charini
806 1042 886 1069 non
915 1033 1035 1068 nimis
1065 1033 1200 1069 clausa
1233 1043 1328 1078 prae
1356 1036 1506 1078 pudore
1540 1034 1593 1070 sit
1622 1034 1696 1070 via.

131 1130 208 1167 319
335 1128 355 1165 1
398 1138 457 1166 AD
499 1139 551 1167 ΤΕ
594 1139 723 1168 VENro
766 1139 877 1167 SPEM
920 1139 1121 1168 SALUTEM
1165 1141 1207 1168 A.
1251 1140 1285 1168 o.
1328 1141 1368 1169 E.
1412 1131 1651 1180 eleganter,
1687 1131 1889 1178 quoniam

280 1202 461 1242 demens
499 1206 542 1243 et
571 1204 820 1253 improbum
854 1206 939 1254 est,
973 1206 1085 1253 quod
1118 1205 1244 1254 petit,
1280 1206 1573 1245 novissimum
1606 1207 1752 1255 posuit
1784 1206 1893 1245 ‘con-

280 1275 455 1329 silium’,
505 1282 552 1318 ut
599 1281 637 1319 si
683 1291 769 1319 non
813 1281 955 1330 possit
998 1282 1191 1331 concedi,
1236 1281 1306 1320 vel
1348 1282 1578 1321 consilium
1621 1284 1798 1331 expetat
1839 1283 1890 1321 ad

276 1356 518 1394 sanandam
551 1357 831 1396 dementiam.
866 1356 1012 1396 Cicero
1047 1356 1107 1396 ‘tu
1140 1358 1193 1396 da
1224 1357 1434 1407 salutem,
1470 1359 1541 1406 qui
1570 1369 1692 1407 spem
1720 1359 1889 1397 dedisti’

280 1431 386 1479 (Lig.
422 1432 507 1476 30).

425 1506 446 1540 2
487 1516 587 1541 SPEM
628 1507 721 1542 cett.
760 1508 805 1542 ut
842 1506 881 1541 in
918 1506 1183 1551 petitionibus
1221 1507 1307 1543 fieri
1335 1508 1454 1552 solet,
1484 1508 1717 1544 beneficium
1746 1509 1888 1555 petens

370 1560 500 1595 utitur
527 1560 708 1604 partibus
737 1560 1033 1597 deliberativae.

134 1657 211 1694 320
335 1655 359 1693 2
392 1665 534 1701 NEQUE
566 1666 644 1695 Pon
680 1666 865 1695 ooNSILH
898 1656 995 1704 <L.
1029 1668 1072 1695 H.
1113 1667 1153 1696 N.
1187 1667 1228 1695 A.
1260 1658 1367 1705 A.>
1395 1668 1430 1696 c.
1457 1658 1524 1696 his
1552 1657 1717 1696 duobus
1746 1659 1883 1696 osten·

280 1729 344 1768 dit
375 1731 508 1770 etiam
542 1741 641 1770 sese
673 1733 934 1771 amatorem.

428 1806 445 1840 1
472 1815 601 1848 NEQUE
626 1807 916 1851 cett.<neque
946 1807 1156 1843 consilii
1184 1807 1376 1848 locus>
1395 1808 1500 1852 apud
1526 1809 1731 1843 amantem
1756 1817 1885 1851 neque

370 1859 558 1895 auxilii
594 1860 823 1897 facultas
854 1861 958 1905 apud
986 1861 1161 1906 inopem.

131 1958 201 1994 321
338 1958 357 1993 1
393 1966 471 1994 SED
503 1967 625 1995 rsrUc
658 1931 859 2002 QUmNAM
890 1968 964 1996 Eer
997 1958 1077 1996 hoc
1109 1957 1147 1995 si
1178 1967 1264 1996 non
1291 1957 1470 1996 adderet
1500 1959 1621 1996 locus
1655 1956 1884 1996 confitendi

278 2032 442 2070 amoris
475 2031 649 2071 Charini
680 2033 831 2072 nullus
864 2033 1021 2072 fuisset
1053 2032 1120 2078 (cf.
1155 2043 1195 2071 v.
1231 2033 1344 2078 322),

129 2129 205 2166 329
420 2132 442 2166 3
476 2141 608 2173 NEQUE
637 2142 710 2168 Por.
740 2142 908 2168 coNsan
937 2142 971 2168 L.
1001 2142 1042 2168 H.
1073 2132 1165 2175 quia
1193 2141 1284 2167 sum
1314 2132 1448 2168 miser.

131 2221 205 2257 321
334 2218 358 2256 2
395 2229 530 2258 HODIE
561 2230 740 2259 UXOREM
773 2231 813 2259 D.
847 2220 944 2258 vide
976 2220 1134 2258 miram
1167 2219 1556 2268 interrogationem
1590 2220 1690 2257 ante
1723 2218 1883 2257 confes-

275 2295 459 2334 sionem.
493 2296 518 2334 3
551 2306 687 2334 AIUNT
723 2296 872 2335 ‘aiunt’
906 2296 957 2334 de
990 2306 1041 2335 ea
1072 2305 1118 2334 re
1150 2295 1356 2345 dicimus,
1389 2305 1521 2343 quam
1554 2295 1758 2334 volumus
1789 2303 1884 2333 esse

276 2369 450 2409 falsam.

128 2472 203 2508 322
340 2472 360 2509 1
403 2481 442 2509 sr
484 2481 528 2509 ID
560 2472 682 2510 EAcis
715 2483 759 2511 H.
794 2483 830 2511 P.
865 2483 910 2511 M.
944 2483 984 2511 v.
1018 2471 1125 2510 nihil
1158 2472 1277 2520 prius
1308 2481 1439 2518 quam
1472 2471 1734 2509 moriturum
1767 2468 1878 2506 dixit

272 2545 470 2594 pudenda
502 2547 715 2586 dicturus.
745 2549 769 2586 4
803 2548 854 2586 Et
886 2547 1188 2597 ‘postremum’
1222 2547 1351 2586 modo
1383 2546 1635 2585 adverbium
1668 2546 1746 2582 est.

419 2620 440 2655 2
480 2621 574 2656 Plus
612 2622 724 2666 dixit,
757 2631 877 2666 quam
908 2622 942 2657 si
971 2622 1212 2657 moriturum
1241 2621 1423 2657 dixisset.
1454 2622 1474 2656 3
1504 2629 1628 2656 HODIE
1657 2628 1689 2653 P.
1719 2628 1760 2653 M.
1789 2627 1825 2652 v.
1855 2626 1878 2652 a

364 2675 613 2719 necessario,
644 2675 736 2719 quia
764 2676 899 2711 vivere
926 2685 1007 2711 non
1032 2677 1181 2719 potest.

127 2771 202 2808 324
331 2770 350 2807 1
395 2779 593 2809 SPONSAM
634 2781 709 2810 Hic
748 2781 870 2810 TUAM
905 2781 947 2809 A.
982 2770 1102 2808 nulla
1134 2769 1409 2808 cunctatione
1441 2768 1606 2816 Byrria,
1640 2766 1713 2804 sed
1745 2764 1876 2803 facili-

270 2846 364 2884 tate
395 2846 545 2885 servili
575 2846 853 2895 paratissime
879 2847 1042 2884 narrat.
1077 2847 1100 2883 2
1134 2855 1190 2883 NE
1218 2855 1311 2883 ISTE
1337 2854 1457 2882 HAUT
1485 2854 1528 2881 M.
1559 2853 1592 2880 s.
1624 2841 1704 2879 ‘ne’
1730 2838 1874 2886 valde,

272 2922 320 2958 ut
352 2919 498 2960 Cicero
530 2922 597 2960 ‘ne
629 2922 656 2960 i.
690 2932 731 2961 u.
763 2922 815 2961 e.’
841 2920 955 2976 (Cat.
986 2923 1023 2959 2.
1054 2922 1118 2968 6);
1149 2922 1173 2959 5
1203 2920 1284 2958 hoc
1312 2921 1403 2958 est:
1433 2918 1556 2956 valde
1584 2917 1688 2963 iste,
1716 2914 1873 2962 inquit,

272 3006 357 3035 non
399 3007 573 3036 mecum
614 2997 772 3035 sentit:
816 2997 932 3035 idem
974 2997 1114 3044 amat,
1160 2995 1272 3042 quod
1318 3005 1396 3042 ego
1438 2993 1522 3032 odi.
1567 2993 1590 3029 6
1624 3000 1678 3027 NE
1706 2999 1796 3027 ISTE
1828 2998 1872 3027 H.

272 3081 317 3109 M.
361 3081 395 3110 s,
441 3070 521 3110 ‘ne’
566 3072 726 3110 valde
771 3074 865 3120 aut,
910 3073 958 3109 ut
993 3071 1170 3118 quidam
1205 3069 1376 3117 volunt,
1416 3078 1438 3105 0
1472 3076 1647 3113 quam.
1685 3064 1874 3101 Lucilius
