2242 3443
942 260 1022 298 241

101 383 149 419 11
233 382 268 419 3.
290 383 313 417 4
339 383 379 418 et
409 382 456 418 12
489 383 521 418 1.
542 382 650 418 Haec
667 382 699 417 si
716 382 899 417 Donatea
915 383 1032 425 sunt,
1050 381 1086 416 in
1107 383 1336 417 commento
1354 382 1409 418 sic
1426 383 1620 426 disposita
1634 384 1759 419 fuisse
1775 394 1863 418 sus—

181 444 310 488 picor:
350 445 442 479 ‘non
481 444 537 479 ita
573 444 668 479 diss.
707 443 776 478 or.'
815 443 871 478 ita
901 452 970 486 pro
1003 443 1138 478 valde:
1170 445 1303 485 caute,
1334 453 1383 479 ne
1413 445 1674 480 Menandrum
1704 446 1861 489 culpare

179 506 372 550 videatur,
417 506 489 541 hoc
527 506 564 548 (i.
609 516 641 541 e.
682 505 777 547 ‘ita’)
816 505 1018 548 adiunxit,
1062 504 1166 547 quod
1196 505 1323 540 laudis
1354 507 1437 549 est;
1469 507 1602 549 potuit
1632 507 1737 542 enim
1768 507 1859 542 dici:

177 567 375 611 quomodo
407 577 502 611 ergo
537 568 638 602 duae
669 567 809 602 sunt?’
839 566 926 602 Hoc
955 568 1041 602 est:
1073 567 1152 601 nisi
1182 568 1302 610 poeta
1332 567 1550 602 addidisset
1581 569 1673 609 ‘ita',
1705 568 1861 612 culpare

176 629 376 664 videretur
406 629 687 672 Menandrum,
713 629 780 672 qui
806 629 904 664 duas
930 628 1084 663 fabulas
1111 629 1288 663 dedisset
1306 631 1551 672 argumento
1568 639 1648 665 non
1667 630 1861 665 dissimili.

234 690 288 725 De
324 690 374 725 12
408 690 443 725 2.
485 689 520 725 3.
559 689 594 725 4.
623 690 646 726 5
685 690 888 734 disputavi
926 690 1002 725 Mn.
1043 689 1105 725 32.
1137 689 1213 724 214
1241 699 1299 732 sq.
1330 690 1427 725 Tres
1458 690 1642 732 magistri
1671 691 1860 726 aemulati

179 753 276 787 sunt
304 752 503 787 Donatum
532 752 570 786 in
600 751 831 787 definiendis
861 751 923 786 his
953 751 1129 786 vocibus.
1157 751 1211 786 De
1236 751 1510 787 additamento
1536 761 1605 795 per
1632 762 1752 796 ergo
1782 753 1819 787 in
1838 753 1861 788 5

179 813 225 849 cf.
254 814 330 849 Mn.
362 813 422 849 32.
454 813 541 858 288,
571 814 637 849 ubi
666 814 739 849 hoc
769 813 1022 857 praetervidi.

101 875 150 911 13
233 874 256 911 3
293 875 356 911 Ita
388 875 758 910 Ruhnkenius:
801 876 913 918 ‘quae
951 875 1178 919 commoda,
1220 883 1322 917 quae
1359 875 1454 917 apta
1483 873 1672 919 fuerunt',
1708 884 1861 919 compa-

177 945 272 972 rans
314 946 350 972 v,
399 936 494 972 696:
538 936 786 973 conveniunt
829 946 975 972 mores.
1064 936 1082 970 1
1122 935 1321 979 Perplexa
1360 935 1485 970 oratio
1525 935 1599 971 hoc
1637 936 1860 979 significare

178 998 354 1034 videtur:
393 1008 493 1042 quae
527 998 775 1034 conveniunt
813 998 1011 1033 debentur
1052 997 1180 1040 casui,
1220 1006 1314 1032 nam
1345 997 1386 1032 T.
1418 1006 1468 1032 ex
1498 997 1702 1032 Perinthia
1731 1000 1859 1033 trans-

178 1059 289 1103 tulit,
326 1069 426 1103 quae
464 1059 541 1095 iam
573 1069 697 1095 sensu
726 1061 766 1095 et
795 1059 928 1095 verbis
959 1060 1125 1095 aderant
1153 1059 1193 1093 in
1225 1059 1395 1094 Andria!
1428 1058 1531 1094 Hinc
1559 1059 1743 1102 magistri
1772 1070 1861 1095 con-

179 1120 431 1157 clusiuncula
460 1121 498 1156 in
531 1121 566 1157 2.

105 1182 153 1219 14
234 1183 466 1219 Formulam
496 1183 565 1219 ‘sic
594 1182 778 1218 solvitur¹
809 1182 989 1218 adhibuit
1018 1183 1117 1218 Don.
1147 1182 1269 1218 etiam
1301 1181 1388 1217 274.
1420 1181 1508 1217 400.
1539 1181 1632 1217 Hec.
1666 1182 1753 1218 634.

103 1244 152 1281 15
235 1245 259 1280 2
295 1246 461 1289 Semper
497 1245 680 1280 Donatus
710 1245 831 1280 verba
860 1246 900 1280 et
929 1244 1094 1280 nomina
1123 1244 1417 1288 interpretatur
1445 1253 1515 1287 per
1544 1244 1638 1279 duo
1669 1244 1729 1279 vel
1760 1244 1860 1279 tria

181 1316 437 1351 synonyma;
474 1305 519 1341 cs.
550 1305 611 1342 33.
644 1305 678 1348 2,
710 1305 771 1341 40.
805 1305 839 1350 6,
874 1305 936 1341 56.
971 1305 1004 1350 1,
1037 1304 1098 1341 65.
1129 1305 1166 1350 2,
1197 1305 1248 1341 82
1265 1305 1342 1350 bis,
1373 1307 1447 1340 etc.
1559 1304 1580 1338 3
1611 1304 1708 1340 Vide
1738 1315 1860 1349 supra

180 1370 227 1405 ad
259 1368 293 1405 8.
326 1368 360 1404 3.

102 1431 149 1467 16
234 1431 253 1466 1
293 1432 333 1466 et
373 1430 396 1466 2
433 1430 549 1465 iuxta
586 1430 685 1465 Don.
725 1428 760 1465 3.
798 1429 853 1464 De
882 1429 945 1464 his
975 1428 1137 1464 scholiis
1168 1429 1302 1464 minus
1331 1429 1438 1464 recte
1468 1428 1594 1463 statui
1620 1428 1658 1462 in
1690 1429 1766 1463 Mn.
1796 1428 1858 1464 32.

179 1491 267 1529 220.
352 1492 376 1528 2
404 1494 444 1528 et
475 1491 499 1527 3
528 1491 688 1527 notavit
718 1491 880 1526 Wessn.

103 1554 149 1590 17
237 1554 256 1589 1
289 1553 469 1598 ‘Quidam
506 1574 541 1578 —
578 1553 751 1597 quidam’
782 1552 870 1588 vide
899 1562 1001 1596 quae
1030 1552 1234 1597 disputavi
1263 1553 1309 1587 de
1338 1552 1526 1587 Donati
1555 1551 1790 1587 fontibus
1818 1552 1857 1587 in

178 1615 278 1652 libro
307 1616 440 1659 meo‘J
470 1625 507 1660 p.
541 1615 615 1651 165
644 1625 743 1660 sqq,
774 1615 840 1650 ubi
869 1624 906 1659 p.
940 1613 1013 1650 167
1042 1614 1080 1649 h.
1110 1614 1133 1649 l.
1165 1615 1375 1652 tractatur.
1414 1634 1447 1637 —
1484 1613 1670 1649 Ceterum
1695 1615 1858 1649 attende

177 1676 379 1713 Donatum
407 1676 448 1712 in
473 1677 808 1722 interpretatione
833 1676 971 1712 aliisve
1000 1677 1120 1712 rebus
1154 1676 1301 1714 dubiis.
1326 1675 1604 1720 quaestionem
1629 1675 1857 1718 ambiguam

179 1748 401 1783 proponere
430 1740 500 1774 sed
530 1748 621 1775 raro
651 1738 835 1774 dirimere
863 1739 934 1774 aut
962 1747 1080 1773 suam
1111 1737 1339 1782 opinionem
1368 1737 1488 1773 enixe
1516 1737 1638 1781 tueri,
1662 1737 1707 1772 cf.
1734 1736 1794 1772 55.
1822 1737 1857 1782 2,

180 1799 241 1836 56.
280 1800 315 1846 2,
356 1800 417 1846 57,
457 1800 519 1836 81.
558 1799 592 1845 3,
636 1799 722 1836 102.
766 1800 801 1845 2,
841 1801 916 1836 etc.
946 1799 1107 1835 Fortius
1137 1800 1274 1835 tamen
1302 1799 1456 1835 invadit
1485 1808 1788 1842 nonnumquam
1818 1799 1856 1833 in

177 1863 447 1908 adversarios,
476 1862 602 1898 veluti
631 1861 694 1898 36.
723 1862 760 1898 4.
791 1861 891 1898 Vide
920 1861 1024 1898 infra
1052 1862 1101 1897 ad
1130 1871 1166 1896 v.
1200 1861 1284 1898 102.

232 1924 266 1960 2.
297 1923 321 1960 3
347 1924 505 1968 inepta;
536 1923 580 1959 cf.
612 1923 701 1960 939.
734 1924 767 1959 1.

99 1985 148 2021 18
231 1986 250 2022 1
268 1996 292 2021 a
320 1987 639 2022 additamentum
668 1995 738 2030 per
767 1984 862 2021 ‘sed’
893 1985 1055 2028 corrigit
1083 1984 1228 2020 Donati
1257 1984 1596 2021 observationem.

98 2047 147 2083 22
229 2047 293 2084 3a
320 2048 513 2084 haustum
543 2057 595 2084 ex
622 2048 722 2084 Don.
754 2047 790 2083 4.

97 2108 148 2145 24
230 2109 254 2145 2
282 2119 449 2154 prorsus
477 2109 622 2145 falsum
652 2110 692 2145 et
718 2109 916 2153 ineptum.
946 2108 1135 2144 Formula
1163 2107 1291 2151 ‘quasi
1319 2107 1435 2143 dicat’
1464 2107 1554 2144 sim.
1582 2106 1768 2150 frequens
1793 2109 1855 2142 est

175 2170 215 2206 in
255 2171 415 2207 scholiis
459 2171 627 2216 spuriis,
667 2170 713 2206 cf.
752 2170 814 2207 25.
855 2170 891 2215 3,
930 2169 992 2206 74.
1035 2169 1069 2212 2,
1101 2169 1163 2214 86,
1194 2169 1268 2205 249
1300 2170 1387 2205 etc..
1419 2169 1669 2204 Posti-emam
1700 2170 1853 2212 partem

176 2234 261 2269 ‘vos
297 2242 393 2277 ergo
430 2233 454 2268 f.
493 2233 533 2268 f.’
572 2233 674 2268 alius
715 2234 778 2269 est
817 2232 1019 2277 magistri,
1050 2241 1169 2275 quem
1199 2231 1356 2267 notavit
1384 2232 1462 2266 iam
1494 2230 1654 2266 Wessn.
1685 2231 1761 2266 Mn.
1792 2230 1854 2266 32.

175 2293 262 2331 288.
347 2294 411 2330 20.
439 2294 541 2330 rhet.

97 2354 146 2390 23
227 2355 386 2392 falsum.
416 2355 656 2400 Spengelius
686 2356 816 2391 recte:
850 2355 1084 2391 ‘noscant
1112 2364 1161 2390 zu
1191 2354 1315 2390 horen
1345 2353 1615 2390 bekommen’.

96 2416 146 2453 24
226 2417 249 2453 7
278 2417 476 2454 scholium
505 2417 706 2453 mutilum.
737 2417 900 2452 Wessn.
929 2425 1001 2461 pro
1030 2415 1127 2460 ‘per'
1156 2416 1262 2451 dedit
1291 2416 1400 2460 ‘pro’.

96 2477 147 2515 25
227 2479 252 2515 2
278 2480 395 2516 ‘Sunt
423 2477 502 2523 qui’
530 2480 620 2515 vide
647 2479 732 2514 libr.
765 2488 899 2514 meum
935 2488 971 2522 p.
1005 2477 1090 2513 168.

224 2540 248 2577 3
273 2540 431 2577 falsum.
461 2541 559 2577 Vide
588 2550 712 2585 supra
734 2541 781 2576 ad
809 2540 869 2576 24.
897 2540 931 2575 2.
958 2539 1120 2575 Wessn.
1147 2538 1306 2575 notavit
1331 2539 1529 2574 emblema
1546 2540 1622 2574 ‘est
1638 2547 1732 2581 ergo
1750 2547 1786 2580 q.
1804 2547 1838 2572 a.

96 2600 145 2636 26
228 2602 247 2638 1
274 2602 448 2638 fortasse
477 2612 500 2638 a
525 2602 721 2646 magistro
751 2601 977 2637 confectum
1006 2610 1027 2636 e
1055 2601 1154 2636 Don.
1185 2600 1220 2636 9.
1253 2600 1288 2636 2.

94 2660 141 2698 27
224 2663 247 2700 3
275 2664 322 2700 cf.
362 2663 521 2699 Wessn.
553 2664 593 2698 in
623 2663 863 2708 Appendice.
893 2662 1097 2698 Scholium
1127 2662 1283 2697 Donato
1313 2663 1405 2697 dare
1435 2661 1587 2696 veritus
1618 2670 1721 2695 sum.
1752 2659 1849 2694 Cita-

172 2725 238 2760 tur
273 2735 417 2762 versus
455 2735 478 2761 a
520 2725 650 2761 Nonio
681 2724 767 2761 290.
804 2724 850 2761 31
882 2726 921 2759 et
951 2733 973 2758 a
1004 2723 1141 2760 Servio
1170 2724 1218 2758 ad
1248 2727 1348 2758 Aen.
1380 2723 1414 2758 2.
1446 2722 1533 2766 357,
1564 2721 1629 2765 qui
1659 2721 1848 2763 interpre-

170 2786 329 2822 tantur:
360 2785 583 2822 excludere.
613 2786 837 2831 Porphyrio
867 2786 915 2821 ad
944 2785 1041 2820 Hor.
1073 2785 1111 2820 C.
1138 2785 1172 2820 4.
1201 2784 1260 2820 15.
1289 2784 1355 2819 17:
1383 2784 1517 2826 exiget
1542 2792 1648 2818 nunc
1664 2782 1848 2817 excludet

172 2846 385 2893 significat,
414 2848 530 2891 quasi
558 2848 627 2883 ἔξω
657 2850 762 2890 aget.
792 2847 1052 2891 Eugraphius
1077 2848 1137 2882 ed.
1163 2846 1323 2882 Wessn.
1350 2855 1387 2890 p.
1414 2845 1455 2880 6:
1481 2845 1586 2879 foras
1616 2844 1846 2878 mittendae.

95 2906 144 2943 28
223 2908 279 2945 De
306 2909 466 2945 scholiis
495 2909 542 2944 ad
570 2909 677 2944 hunc
704 2919 740 2944 v.
772 2909 976 2954 disputavi
1004 2908 1043 2943 in
1074 2907 1320 2952 praefatione
1349 2916 1385 2950 p.
1416 2915 1483 2941 vn.

224 2969 247 3006 6
275 2970 331 3006 De
367 2970 553 3015 personis
582 2969 791 3015 protaticis
821 2971 910 3006 vide
939 2969 1188 3006 Euanthium
1216 2968 1274 3004 III
1304 2968 1328 3004 2
1356 2970 1396 3003 et
1425 2966 1545 3002 schol.
1576 2966 1622 3000 ad
1651 2964 1743 3000 Hec.
1774 2963 1844 3008 58,

164 3029 267 3091 rho.
298 3031 358 3068 25.

181 3154 204 3196 ¹)
229 3154 282 3189 De
308 3156 508 3190 commenti
532 3156 734 3191 Donatiani
755 3156 802 3190 ad
825 3155 908 3189 Ter.
921 3155 995 3189 fab.
1009 3153 1154 3197 origine
1168 3155 1205 3188 et
1219 3151 1503 3196 compositione.
1519 3149 1636 3193 Lugd.
1652 3149 1732 3183 Bat.
1747 3148 1844 3182 1907.

163 3213 318 3251 Karsten,
337 3215 425 3244 Gom.
444 3215 527 3243 Don.
1704 3209 1737 3235 16
