2242 3443
128 433 204 470 926

128 705 201 741 927

128 781 203 817 928

127 1133 203 1169 929

129 1482 204 1519 930

131 1682 203 1718 931

131 2213 205 2248 932

132 2364 206 2400 933

136 2591 210 2628 934

137 2736 212 2773 935

962 181 1042 217 107

451 303 467 337 1
507 312 664 337 PRIMUM
702 312 756 337 An
796 312 826 337 c.
863 312 897 337 P.
927 302 1018 345 quid
1048 302 1111 337 est
1143 302 1375 346 ‘primum’‘?
1405 312 1454 338 an
1485 302 1578 346 quia
1605 304 1748 347 postea
1778 313 1879 339 mor-

394 358 490 392 tuus
519 358 611 392 est?

327 437 458 466 ITANE:
502 437 611 465 VERo
657 436 882 466 OBTURBAT
925 428 1070 475 potest
1104 426 1238 465 ‘itane
1270 427 1388 466 vero'
1421 426 1715 475 subdistingui
1749 429 1791 466 et
1822 427 1885 466 sic

274 513 373 542 cum
401 503 747 542 comminatione
780 502 931 540 inferri
965 501 1214 541 ‘obturbat’.

449 579 467 612 1
494 586 615 612 ITANE
642 587 677 612 V.
696 586 730 612 o.
748 575 783 611 si
796 575 1107 620 subdistinguit,
1136 576 1182 611 in
1196 577 1213 611 t
1224 586 1244 611 e
1256 585 1274 611 r
1286 585 1304 611 s
1317 577 1333 611 t
1345 585 1363 611 r
1374 585 1394 611 e
1406 585 1430 620 p
1442 575 1481 611 it
1506 576 1652 621 accipe,
1670 576 1731 611 sin
1748 576 1883 611 distin—

392 630 496 673 guit,
529 640 549 665 e
561 641 585 665 v
599 640 618 666 e
631 639 650 664 r
661 632 676 665 t
688 630 699 664 i
712 632 728 665 t
756 630 984 674 intellegas.

326 712 386 739 1131
417 711 573 740 Aunivi
605 712 662 739 Ex
692 711 788 739 ILLo
816 711 978 749 magna
1010 699 1283 739 confirmatio
1316 700 1518 739 veritatis
1551 702 1630 739 est.

329 777 353 815 2
386 787 558 815 PHANIA
591 777 672 816 hoc
705 777 767 815 ita
800 777 901 815 dicit
935 776 1071 826 Crito,
1101 778 1150 814 ut
1174 786 1303 815 nemo
1333 776 1522 824 audiret,
1552 775 1719 814 scilicet
1746 775 1885 814 adhuc

273 851 479 891 dubitans
511 862 565 890 an
598 852 692 900 ipse
725 852 784 890 sit
806 848 845 896 ¹).
881 852 905 890 3
939 862 1033 890 HEM
1065 853 1169 890 sunt
1200 851 1272 899 qui
1305 851 1459 900 putent
1491 850 1714 890 Simonem
1747 851 1888 890 dicere

274 928 538 967 irascentem
573 927 662 966 filio
696 927 918 967 Critonem
953 928 1248 966 submonenti.

449 1003 467 1038 1
508 1000 530 1022 *·
562 1011 699 1037 NOMEN
737 1012 819 1038 TAM
848 1012 935 1038 ciro
965 1011 1046 1037 non
1076 1002 1265 1046 negantis
1296 1003 1376 1047 est,
1409 1002 1477 1037 sed
1507 1000 1661 1036 difficile
1690 1010 1732 1036 se
1763 1000 1887 1036 dictu-

391 1065 482 1092 rum
510 1056 700 1092 ostendit.

325 1129 345 1166 1
380 1137 496 1166 PERII
522 1128 602 1166 hoc
631 1127 887 1176 Pamphilus
914 1128 1090 1176 propter
1118 1126 1388 1166 iracundiam
1418 1126 1570 1174 patris.
1599 1127 1651 1171 (α)
1680 1127 1703 1164 2
1736 1135 1886 1164 VERUM

273 1213 440 1242 HERCLE
472 1213 629 1242 OPINOR
660 1204 742 1241 hoc
773 1203 915 1242 adhuc
948 1204 1207 1242 cunctanter
1239 1204 1307 1241 est
1343 1203 1511 1241 dictum
1543 1204 1586 1241 et
1612 1202 1706 1241 ideo
1725 1202 1889 1250 indiget

275 1278 636 1319 confirmationis.

448 1354 466 1389 1
498 1352 520 1374 *
549 1363 573 1387 α
601 1362 653 1388 an
683 1352 863 1389 Chromis
893 1354 957 1389 est
987 1352 1159 1389 dolentis
1183 1352 1248 1388 vel
1272 1352 1359 1389 eius
1384 1353 1634 1388 mentionem
1652 1351 1714 1388 vel
1730 1352 1832 1396 quod
1849 1352 1887 1387 in

390 1407 514 1443 filiam
544 1417 670 1452 paene
700 1409 914 1452 peccarat?

327 1479 351 1517 2
385 1480 710 1520 (RHANMUSIUM)
743 1479 779 1517 R
789 1479 814 1516 h
828 1489 852 1517 a
864 1489 909 1517 m
922 1489 949 1517 n
963 1489 990 1516 u
1002 1488 1024 1517 s
1055 1488 1192 1527 pagus
1225 1478 1398 1517 Atticae
1431 1480 1512 1517 est.

448 1554 465 1588 1
491 1562 765 1588 RHAMNUSIUM
794 1562 839 1587 sii
869 1551 1207 1596 Rhamnusium,
1232 1551 1437 1596 Piraeum,
1463 1552 1671 1588 Rhamnus
1696 1554 1736 1588 et
1758 1554 1889 1589 cetera

391 1606 623 1642 huiusmodi
650 1608 810 1643 Atticae
838 1604 1001 1651 proprie
1029 1605 1302 1650 intellegenda
1331 1607 1443 1641 sunt.

328 1688 465 1716 MULTI
492 1688 585 1716 ALII
612 1688 658 1716 IN
686 1688 833 1716 ANDRo
860 1678 941 1716 hoc
967 1677 1278 1716 testimonium
1308 1687 1530 1716 caecum
1559 1677 1740 1725 dicitur;
1768 1677 1888 1716 testi-

274 1754 524 1793 moniorum
560 1754 677 1792 enim
710 1746 870 1793 modus
903 1752 1065 1802 duplex
1092 1754 1184 1792 est:
1218 1753 1571 1792 manifestus
1603 1754 1647 1792 et
1679 1763 1888 1792 caecus.

275 1830 619 1870 Manifestus
647 1832 734 1879 est,
764 1830 837 1878 qui
862 1832 1004 1869 certos
1032 1831 1170 1869 testes
1188 1830 1230 1868 et
1247 1830 1505 1878 praesentes
1521 1828 1671 1878 habet,
1691 1838 1888 1868 caecus

274 1906 317 1944 in
359 1916 443 1954 quo
484 1906 818 1946 multitudinem
861 1908 936 1944 aut
977 1906 1206 1945 civitatem
1248 1905 1436 1944 dicimus
1479 1905 1609 1953 scire,
1652 1906 1702 1943 ut
1741 1904 1888 1944 Cicero

273 1980 416 2021 ‘testis
443 1984 511 2021 est
538 1984 631 2021 tota
656 1978 816 2021 Sicilia'
845 1982 980 2023 (Verr.
1010 1983 1034 2020 2
1067 1983 1148 2021 146
1182 1981 1260 2028 al.;
1289 1981 1340 2020 de
1369 1982 1472 2030 imp.
1502 1981 1580 2020 Gn.
1599 1981 1645 2020 P.
1664 1981 1756 2030 30),
1775 1980 1889 2028 quod

275 2059 426 2097 tamen
459 2059 709 2097 audientem
738 2060 1007 2098 consternat.
1035 2058 1112 2097 Est
1139 2058 1274 2097 etiam
1301 2058 1345 2096 in
1373 2067 1537 2097 caeco
1565 2057 1886 2106 iusiurandum,

274 2133 450 2173 tabulae
483 2134 776 2182 absentesque
807 2144 1033 2184 personae.

325 2220 464 2249 cuiAM
496 2220 647 2249 IGITUR
680 2212 855 2249 vetuste
890 2209 1064 2249 ‘cutiam'
1102 2210 1215 2258 quod
1247 2209 1452 2249 omnibus
1484 2209 1716 2257 generibus
1748 2210 1791 2248 et
1824 2218 1889 2247 ca-

279 2285 401 2325 sibus
432 2286 584 2325 servit.

331 2363 350 2400 l
392 2372 555 2400 ARRIGE
595 2372 739 2401 Auens
780 2373 818 2401 P.
864 2361 1099 2400 translatio
1144 2372 1169 2400 a
1210 2360 1471 2410 pecudibus,
1510 2360 1666 2408 quibus
1701 2359 1889 2398 intendit

273 2438 569 2486 accipiendam
599 2449 696 2477 esse
726 2448 894 2478 vocem.
925 2439 948 2476 2
977 2447 1142 2477 Anares
1168 2449 1212 2477 A.
1242 2448 1279 2476 P.
1300 2438 1381 2477 hoc
1398 2437 1517 2476 Simo
1536 2436 1707 2475 videtur
1725 2435 1886 2483 dicere,

279 2515 326 2551 ut
356 2513 429 2551 alii
461 2515 634 2563 putant,
670 2515 764 2562 ipse
797 2514 879 2553 sibi
911 2513 1184 2562 Pamphilus.

335 2598 488 2628 NORAM
519 2600 570 2628 ET
604 2600 693 2629 scio
728 2589 909 2629 ‘noram'
943 2590 1179 2638 Phaniam,
1216 2588 1334 2628 ‘scio’
1368 2588 1549 2627 fratrem
1583 2587 1732 2626 fuisse.
1767 2587 1820 2630 (α)

453 2673 476 2697 α
503 2664 606 2708 Ergo
637 2666 677 2700 et
707 2665 754 2699 ad
784 2673 1001 2709 personam
1030 2665 1070 2700 et
1099 2664 1147 2699 ad
1175 2673 1261 2699 rem
1290 2661 1460 2698 rettulit.

338 2734 362 2772 2
399 2734 450 2772 Et
481 2734 773 2784 ‘persequens’
808 2737 919 2774 dixit
950 2735 1351 2784 perseverationem
1383 2732 1608 2781 sequentis
1640 2731 1887 2778 ostendens,

279 2811 642 2858 persequitur
684 2812 825 2859 enim,
870 2812 942 2859 qui
979 2821 1066 2850 non
1099 2811 1262 2850 desinit
1293 2809 1438 2857 sequi:
1473 2807 1690 2855 Vergilius
1725 2805 1890 2844 ‘multis

280 2895 301 2923 e
334 2886 552 2925 matribus
584 2896 620 2925 a.
657 2888 786 2935 pers.’
819 2887 942 2932 (Aen.
976 2887 1015 2926 9.
1050 2887 1163 2927 217).

180 3049 204 3093 ι)
229 3050 419 3088 Scholium
442 3053 576 3089 nititur
596 3054 747 3099 vitiosa,
771 3054 838 3090 sed
863 3053 1132 3098 antiquissima
1156 3053 1319 3088 lectione
1345 3054 1431 3086 ‘tam
1457 3051 1530 3085 cito
1555 3049 1624 3085 tibi
1649 3047 1820 3083 Phania’.
