2242 3443
310 234 369 260 xil
1060 228 1314 256 PRAEFATio.

451 347 539 393 dio,
574 346 647 385 sed
682 347 724 383 in
757 344 1237 393 pronuntiatione
1272 353 1346 392 per
1379 344 1614 383 intervalla
1641 344 1912 393 anhelantis,
1933 346 1983 383 ut
1999 344 2066 383 est

451 423 493 460 in
538 424 585 467 5;
631 422 697 459 his
740 420 990 468 adiungitur
1032 419 1259 458 adnotatio
1301 419 1404 463 (fere
1438 430 1492 458 ex
1525 422 1566 464 4)
1598 420 1650 460 de
1682 420 1863 460 vocibus
1896 419 2064 459 ‘forma’

451 501 492 536 et
537 497 686 536 ‘aetas'
731 507 804 544 per
837 495 1094 544 particulam
1130 495 1352 534 causalem
1388 492 1532 534 ‘enim'
1565 506 1745 545 prorsus
1778 495 1966 535 absurde
1999 495 2068 535 ad·

451 573 634 611 bibitam
659 569 698 620 ¹),
733 573 793 610 sic
837 572 953 610 enim
996 571 1151 610 horum
1196 571 1428 610 verborum
1473 581 1580 611 usus
1612 573 1773 612 mirum
1805 573 1849 610 in
1882 571 2064 611 modum

450 648 710 688 adscribitur
743 648 992 686 lassitudini
1025 646 1262 695 loquentiS.

303 730 378 764 355
450 726 488 762 2.
524 726 562 763 3.
598 725 621 762 3
641 735 680 762 α,
716 726 755 761 4.
789 723 1011 762 Scholium
1043 724 1114 762 3α
1145 723 1356 762 haustum
1389 725 1459 762 est
1486 734 1541 762 ex
1568 724 1690 763 initio
1718 723 2063 771 scholii2;dum

448 803 470 837 4
507 800 744 838 conflatum
778 803 845 838 est
879 810 932 837 ex
966 801 1005 846 3,
1041 800 1155 838 mira
1186 810 1293 838 sane
1325 800 1509 850 ratione,
1538 800 1824 845 (‘adverbium
1854 800 2065 850 composi-

452 879 546 914 tum
589 886 643 914 ex
680 876 1001 924 pronomine’!),
1038 878 1081 914 et
1113 886 1168 915 ex
1203 876 1227 914 2
1261 874 1392 920 (‘ecce
1423 873 1593 926 illum’),
1627 887 1701 926 per
1731 876 1969 916 formulam
2004 875 2067 915 ‘ut

451 952 670 999 diximus’,
720 951 985 990 scholiastae
1028 951 1202 990 cuidam
1245 952 1466 1000 imprimis
1506 954 1701 1003 gratam,
1744 954 1796 992 de
1838 963 1924 1001 qua
1966 953 2064 992 vide

452 1030 610 1069 librum
644 1041 793 1069 meum
827 1041 866 1079 p.
905 1030 986 1069 158
1020 1030 1119 1074 (Mn.
1155 1032 1209 1070 35
1242 1042 1282 1080 p.
1316 1032 1431 1077 409).

305 1111 380 1146 969
412 1108 454 1144 et
496 1112 574 1148 970
604 1109 638 1146 1.
668 1107 891 1146 Posterius
910 1116 984 1154 per
1003 1107 1188 1145 eandem
1206 1107 1327 1146 illam
1344 1107 1581 1147 formulam
1600 1108 1656 1156 id,
1676 1107 1788 1156 quod
1807 1107 1916 1146 bene
1934 1106 2065 1145 adno-

451 1184 594 1221 tatum
640 1185 706 1221 est
748 1183 799 1221 ad
842 1183 942 1231 969,
985 1193 1213 1232 perperam
1256 1184 1428 1234 repetit,
1468 1184 1632 1224 etenim
1668 1194 1731 1223 vs.
1765 1183 2003 1223 969—970
2037 1192 2062 1221 a

452 1258 678 1306 Pamphilo
706 1268 789 1298 non
817 1258 1022 1298 dicuntur
1053 1261 1282 1309 propter
1315 1260 1566 1309 Charinum,
1597 1262 1646 1300 ut
1663 1260 1823 1309 audiat,
1844 1259 1919 1298 sed
1938 1268 2060 1308 prop·

450 1336 515 1371 ter
556 1334 744 1376 Davum,
787 1335 860 1383 qui
893 1345 944 1374 ea
976 1336 1172 1375 nondum
1207 1337 1431 1385 cognovit;
1464 1337 1669 1376 dicuntur
1700 1338 1848 1375 autem
1882 1346 1907 1374 a
1938 1335 2061 1374 Pam-

449 1410 566 1458 philo
615 1410 705 1449 alta
752 1421 869 1458 voce,
919 1412 1009 1451 ‘ita’
1052 1413 1115 1457 (ut
1157 1414 1224 1452 est
1266 1413 1311 1451 in
1353 1413 1520 1453 scholio
1563 1414 1664 1459 969)
1707 1414 1754 1452 ut
1786 1412 1920 1452 etiam
1954 1411 2063 1451 haec

453 1486 599 1525 audiat
631 1486 858 1526 Charinus.

567 1563 606 1601 d.
670 1563 768 1602 Alia
800 1565 902 1603 sunt
931 1564 1101 1604 scholia
1132 1566 1221 1604 fere
1249 1565 1427 1615 similia,
1456 1575 1566 1614 quae
1598 1565 1804 1614 leguntur
1829 1565 1883 1605 ad
1908 1575 2064 1605 versus

450 1638 562 1677 inter
594 1649 640 1678 se
673 1639 901 1679 distantes.

304 1718 378 1754 169
449 1715 485 1763 2,
520 1719 609 1756 412.
643 1717 681 1754 5.
716 1715 916 1755 Alterum
951 1727 1086 1765 prava
1117 1717 1309 1758 imitatio
1343 1719 1612 1773 estprioris.

302 1794 377 1829 218
446 1794 522 1832 242
555 1792 594 1836 3,
630 1797 704 1832 776
744 1793 825 1831 2α.
869 1793 917 1831 In
960 1793 1027 1832 his
1070 1794 1158 1832 iam
1201 1794 1465 1834 Wessnerus
1504 1805 1579 1844 pro
1612 1794 1949 1845 repetitionibus
1976 1804 2062 1834 non

447 1866 652 1906 Donateis
684 1868 806 1907 obelo
839 1870 1011 1908 notavit
1042 1870 1212 1909 scholia
1243 1870 1297 1910 ad
1331 1871 1416 1910 242
1450 1873 1494 1910 et
1526 1872 1625 1911 776.
1872 1868 1875 1869 ⁷

301 1946 377 1982 289
451 1943 484 1989 1,
519 1947 608 1984 556.
652 1944 874 1983 Posterius
900 1945 1091 1985 imitatio
1119 1948 1188 1985 est
1215 1947 1389 1996 prioris,
1417 1947 1492 1986 sed
1522 1948 1573 1986 ad
1602 1947 1716 1986 hunc
1742 1956 1920 1986 versum
1947 1956 2062 1996 pror·

450 2028 525 2057 sus
558 2019 682 2058 falsa.

302 2097 374 2133 291
451 2095 486 2142 1,
531 2099 608 2136 540
641 2096 680 2135 2.
720 2096 786 2136 Ad
820 2097 936 2137 hunc
969 2109 1146 2138 versum
1181 2099 1398 2139 scholium
1432 2100 1469 2147 2,
1505 2110 1603 2139 cum
1637 2099 1914 2148 praecedenti
1946 2099 2062 2139 iunc-

449 2173 543 2209 tum
576 2181 650 2220 per
682 2173 938 2221 particulam
972 2185 1087 2224 ergo,
1124 2176 1348 2214 munitum
1382 2178 1452 2215 est
1477 2176 1644 2215 duobus
1671 2175 1888 2225 exemplis
1914 2175 2061 2225 Vergi-

448 2246 577 2285 lianis
620 2249 660 2286 et
702 2250 928 2297 praeterea
970 2250 1066 2290 loco
1109 2253 1377 2291 conveniens
1409 2253 1488 2300 est,
1525 2262 1624 2291 cum
1658 2252 1728 2290 hic
1758 2252 1818 2290 sit
1848 2251 2064 2292 solemnis

448 2321 682 2362 obtestatio
731 2334 804 2372 per
853 2326 974 2375 deOS,
1024 2337 1100 2375 per
1146 2328 1390 2367 amicitiam
1436 2330 1652 2375 veterem,v
1688 2337 1763 2376 per
1804 2327 1977 2366 liberos.
2012 2328 2061 2367 In

452 2398 531 2435 291
580 2408 681 2437 vero
726 2400 847 2439 nulla
879 2401 1093 2441 solemnis
1126 2402 1365 2443 obtestatio
1399 2404 1467 2442 est
1498 2413 1573 2451 per
1606 2403 1795 2450 aliquem
1831 2403 1960 2442 deum
1995 2403 2064 2444 vel

448 2473 670 2513 hominem
719 2476 786 2514 vel
835 2487 942 2526 rem,
991 2479 1066 2517 sed
1114 2479 1228 2518 nude
1269 2479 1430 2528 legitur
1473 2477 1530 2518 ‘te
1573 2479 1794 2527 obtestor’,
1835 2481 2064 2528 praeterea

449 2548 592 2588 deficit
634 2551 721 2590 illic
761 2553 950 2593 alterum
995 2555 1249 2604 exemplum
1291 2555 1605 2604 Vergilianum,
1639 2555 1841 2602 quocirca
1871 2555 2061 2595 dubitari

448 2625 521 2663 vix
555 2628 699 2674 potest
731 2630 878 2668 utrum
911 2631 1152 2678 genuinum
1186 2632 1258 2670 sit.
1905 2628 1908 2633 ’

302 2704 378 2739 299
450 2704 485 2748 1,
518 2705 595 2741 473
628 2703 666 2740 5.
702 2702 762 2742 De
794 2705 1049 2753 posterioris
1076 2706 1202 2746 initio
1232 2707 1330 2746 vide
1358 2706 1457 2746 ibid.
1490 2708 1509 2745 1
1541 2707 1583 2745 et
1610 2707 1659 2753 2;
1688 2705 1826 2745 altera
1853 2717 1953 2756 pars
1971 2707 2060 2747 bre-

450 2777 561 2816 viter
593 2778 733 2817 reddit
765 2781 876 2827 quod
910 2783 979 2821 est
1008 2782 1053 2821 in
1086 2784 1185 2822 299.
1223 2785 1258 2822 l.

393 2942 415 2982 ¹)
440 2942 524 2978 Non
549 2957 655 2980 rarus
677 2948 735 2981 est
756 2947 794 2982 in
816 2949 975 2986 scholiis
997 2952 1137 2997 spuriis
1157 2953 1301 2989 abusus
1321 2952 1586 2999 particularum
1602 2952 1821 2993 causalium,
1835 2952 2060 2997 nam,enim‚

305 2993 416 3033 unde,
447 2996 546 3040 quia,
577 3001 656 3038 etc„
685 2999 793 3036 cuius
818 3002 871 3037 rei
897 3005 1109 3049 exemplum
1137 3006 1210 3042 iam
1236 3006 1400 3043 vidimus
1424 3006 1471 3042 ad
1497 3019 1528 3040 v.
1553 3005 1620 3042 720
1645 3008 1683 3042 et
1707 3006 1802 3042 satis
1828 3004 1946 3041 multa
1969 3005 2059 3042 refe-

304 3049 431 3082 rentur
460 3049 497 3083 in
526 3049 850 3089 adnotationibus.
876 3054 976 3091 Idem
1004 3057 1102 3092 valet
1127 3059 1171 3094 de
1196 3059 1391 3105 particulis
1414 3058 1653 3099 conclusivis,
1678 3058 1762 3094 vide
1787 3070 1901 3103 supra
1923 3057 1971 3093 ad
1991 3059 2055 3094 601

304 3101 341 3133 et
364 3111 448 3134 mox
473 3100 519 3136 ad
543 3102 608 3137 476
633 3105 669 3138 et
692 3103 768 3139 754.
