2242 3443
6 1011 13 1062 ι’.-
5 854 14 998 ,μ.-.,,..ι..,..
9 823 13 827 ,

10 1295 11 1305 μ
2 1171 12 1285 »ιι-...-

916 204 1171 232 PRAEFATIO.
1856 209 1913 235 Vll

162 320 462 359 commentum
502 318 660 357 Donati
693 329 777 358 non
806 319 890 357 nisi
929 319 1329 366 excerptorum
1368 328 1513 366 opera,
1544 319 1729 366 genuina
1756 320 1919 359 scholia

159 394 258 443 plus
287 394 492 434 minusve
522 394 933 434 transformantium
972 396 1014 433 et
1044 394 1254 433 nimirum
1287 404 1417 443 saepe
1444 395 1780 443 discerpentium
1809 399 1921 436 aeta-

160 471 251 509 tem
281 470 445 510 tulerit.
478 470 586 510 Cum
617 480 719 509 vero
751 470 794 508 in
825 470 909 508 hoc
935 469 1042 508 libro
1071 469 1123 508 ab
1151 470 1269 508 omni
1299 470 1592 518 disputatione
1619 470 1669 509 de
1687 473 1920 510 commenti

160 545 324 594 origine
365 547 410 585 et
446 546 763 595 compositione
796 545 1018 584 abstinere
1051 545 1340 593 decreverim,
1375 545 1572 592 quaestio
1605 546 1711 584 mihi
1744 547 1828 585 alia
1859 558 1919 585 ra-

160 620 278 660 tione
311 621 602 670 aggredienda
633 623 714 660 est.
747 621 901 669 Itaque
932 620 1109 659 initium
1140 620 1307 659 faciens
1340 630 1364 659 a
1396 621 1575 659 scholiis
1606 622 1845 660 Andriae
1878 625 1920 660 et

160 696 413 736 Eunuchi
445 697 663 736 similibus
689 698 765 735 aut
791 697 881 735 fere
909 695 1150 744 similibus,
1179 696 1259 734 hoc
1287 696 1525 743 inquiram:
1557 696 1744 735 sintne
1778 697 1918 735 iden-

162 772 333 812 tidem
366 772 587 812 scholia
618 773 776 822 paria
803 773 884 812 ita
911 773 1261 820 comparata,
1293 773 1351 809 ut
1378 772 1674 819 utrumque
1702 782 1918 821 excerp-

162 849 307 887 toris
362 848 488 897 plus
545 849 804 887 minusve
856 848 1332 887 transformantis
1384 857 1601 886 manum
1656 848 1919 886 ostendat

162 933 220 963 ac
261 926 520 963 neutrum
563 934 656 973 pro
698 924 943 973 genuino
987 923 1302 962 habendum
1340 923 1435 972 sit,
1465 932 1529 961 an
1557 923 1807 961 fortasse
1840 925 1920 962 ita

164 999 514 1049 discrepent,
559 1001 616 1038 ut
662 1010 684 1039 e
728 1000 1003 1039 communi
1043 999 1198 1038 fonte
1232 999 1457 1038 detorta
1490 1009 1611 1037 esse
1644 1001 1921 1046 nequeant

163 1074 522 1124 alterumque
554 1086 648 1125 pro
691 1076 935 1123 genuino
968 1075 1047 1114 sit
1079 1075 1408 1113 habendum.

600 1235 829 1275 Scholia
860 1235 1082 1274 similia
1115 1234 1177 1274 ad
1211 1235 1491 1274 Andriam.

403 1355 443 1383 a.

164 1424 214 1461 28
288 1421 308 1459 1
343 1420 387 1459 et
411 1421 436 1458 2
465 1419 556 1459 Hoc
583 1419 850 1459 scholiorum
878 1429 955 1469 par
982 1430 1031 1459 eo
1060 1419 1237 1458 nomine
1266 1419 1446 1458 unicum
1474 1419 1559 1466 est,
1588 1417 1699 1465 quod
1728 1417 1779 1455 ad
1807 1427 1918 1455 scae-

283 1506 439 1535 narum
482 1496 607 1535 initia
642 1496 684 1535 in
728 1497 977 1535 commento
1020 1505 1240 1543 nusquam
1281 1495 1383 1533 alibi
1425 1494 1586 1542 duplex
1623 1492 1838 1532 scholium
1872 1493 1923 1530 de

282 1573 540 1620 argumento
586 1571 822 1611 invenitur.
868 1571 1170 1621 Quaerendum
1214 1572 1297 1620 est,
1342 1570 1454 1608 sitne
1487 1569 1748 1608 alterutrum
1780 1567 1922 1616 genui-

282 1657 409 1697 num,
442 1658 495 1686 an
529 1647 611 1686 duo
643 1648 732 1687 sint
764 1649 972 1696 excerpta
999 1647 1097 1696 plus
1124 1646 1330 1686 minusve
1359 1645 1673 1684 transformata
1699 1654 1753 1682 ex
1781 1643 1921 1691 aliquo

282 1723 487 1772 genuino,
531 1724 643 1772 quod
683 1723 874 1772 perierit.
919 1724 968 1762 In
1005 1724 1025 1761 1
1060 1722 1263 1761 laudatur
1295 1721 1453 1769 virtus,
1489 1720 1696 1758 nimirum
1729 1718 1921 1766 Terenti,

282 1800 394 1847 quod
433 1799 552 1848 longi
594 1799 797 1848 soliloqui
838 1799 993 1838 senilis
1033 1798 1261 1837 fastidium
1302 1796 1533 1836 sustulerit
1570 1795 1764 1834 adhibito
1797 1794 1922 1832 inter-

282 1875 477 1914 locutore
508 1876 597 1923 (qui
628 1875 778 1914 deerat
808 1875 853 1914 in
885 1875 1034 1914 fabula
1066 1873 1323 1921 Menandri),
1358 1872 1471 1910 unde
1504 1871 1616 1910 actio
1649 1870 1859 1918 quaedam
1879 1870 1920 1907 in

283 1951 366 1990 hac
406 1961 567 1990 scaena
609 1940 833 1990 exstiterit
853 1946 892 1996 1).
927 1951 976 1989 In
1011 1952 1034 1989 2
1068 1950 1202 1989 etiam
1236 1949 1441 1987 laudatur
1473 1947 1613 1985 virtus
1645 1947 1814 1994 poetae,
1849 1944 1923 1982 sed

284 2026 354 2065 his
393 2026 446 2065 de
488 2026 653 2065 causis:
697 2026 886 2074 primum
920 2025 1032 2074 quod
1064 2024 1250 2074 populus
1281 2024 1362 2061 hac
1394 2022 1646 2070 argumenti
1679 2020 1923 2059 narratione

285 2100 447 2141 ‘teneat
488 2101 740 2150 periocham
783 2101 1064 2150 comoediae’,
1109 2100 1207 2138 dein
1253 2098 1380 2147 ‘quod
1417 2098 1485 2146 agi
1518 2107 1586 2136 res
1619 2097 1761 2144 magis
1793 2105 1921 2142 quam

282 2177 451 2216 narrari
483 2177 745 2216 videantur.'

401 2252 553 2292 Altera
578 2262 711 2292 causa
737 2252 780 2291 in
810 2252 834 2290 2
864 2252 1070 2291 convenit
1096 2261 1194 2290 cum
1224 2260 1272 2288 eo
1300 2249 1412 2296 quod
1442 2250 1509 2287 est
1536 2248 1578 2286 in
1611 2249 1629 2285 1
1663 2246 1782 2285 ‘utin
1803 2256 1924 2293 argu·

284 2312 421 2368 menti
452 2328 705 2368 narratione
736 2327 849 2367 actio
881 2328 1082 2366 scaenica
1114 2326 1343 2364 videatur'.
1377 2324 1458 2362 Sed
1490 2323 1592 2371 quid
1624 2324 1690 2361 est
1717 2323 1760 2359 in
1788 2321 1927 2370 prima

284 2414 417 2444 causa
442 2404 555 2452 quod
582 2403 763 2443 dicitur:
797 2401 1060 2442 ‘comoediae
1089 2401 1338 2450 periocham
1363 2400 1558 2438 tenere’?
1576 2398 1709 2436 Estne
1727 2396 1927 2445 periocha

167 2541 350 2577 conclusit
381 2554 416 2586 p.
441 2540 523 2576 184:
547 2540 732 2576 ‘Ceterum
760 2539 878 2574 multo
902 2538 1011 2583 plura
1035 2538 1147 2573 etiam
1173 2549 1271 2581 quae
1295 2536 1416 2571 bonae
1440 2534 1560 2578 frugis
1585 2535 1714 2568 essent
1737 2532 1773 2566 in
1801 2530 1924 2574 Vergi-

168 2594 280 2630 lianis
303 2606 453 2640 quoque
478 2593 577 2629 Aelii
602 2591 742 2628 Donati
763 2591 1043 2626 commentariis
1072 2591 1190 2626 fuisse
1211 2588 1320 2624 facile
1340 2588 1464 2623 credet
1485 2587 1550 2631 qui
1572 2585 1791 2622 meminerit,
1813 2595 1923 2626 quam

171 2647 278 2682 docte
309 2649 347 2682 et
377 2646 567 2682 subtiliter
598 2644 695 2680 idem
727 2643 896 2679 Terentii
926 2643 1139 2678 comoedias
1162 2641 1432 2677 illustraverit'.
1458 2640 1498 2673 ln
1524 2638 1678 2674 scholiis
1702 2639 1825 2671 autem
1851 2635 1926 2669 bre·

168 2700 335 2736 vioribus
359 2699 477 2735 multa
499 2699 574 2742 legi
599 2697 647 2733 iis
674 2696 901 2736 hominibus,
926 2697 1063 2740 quibus
1088 2697 1338 2730 commentum
1360 2695 1630 2737 composuerat,
1651 2689 1757 2724 utilia
1778 2687 1842 2722 sed
1865 2699 1926 2721 no-

170 2753 230 2789 bis
261 2753 368 2798 parvi
403 2751 583 2788 momenti
614 2752 651 2785 et
680 2749 882 2794 superflua,
913 2761 988 2784 non
1015 2751 1073 2784 est
1092 2748 1194 2792 quod
1217 2748 1400 2782 miremur.
1419 2745 1527 2787 Quod
1548 2744 1594 2778 ad
1618 2743 1745 2777 horum
1771 2741 1921 2775 formam

169 2805 317 2846 attinet,
347 2804 523 2840 adhibuit
554 2803 617 2838 ille
648 2802 684 2837 id
716 2802 818 2846 quod
851 2801 979 2836 docuit
1002 2802 1048 2836 ad
1073 2801 1191 2836 Andr.
1215 2800 1292 2840 358,
1317 2799 1381 2834 ubi
1406 2803 1450 2833 de
1481 2796 1605 2831 verbis
1629 2800 1749 2837 ‘rogo
1775 2791 1925 2848 negat'

171 2858 384 2893 adnotavit:
417 2857 520 2892 ‘mira
554 2855 719 2891 brevitas
750 2857 789 2889 et
820 2853 1029 2892 imitandae,
1054 2856 1092 2889 et
1116 2865 1230 2897 saepe
1255 2851 1412 2887 feliciter
1436 2850 1469 2884 ei
1495 2847 1662 2891 contigit,
1686 2845 1722 2880 id
1749 2844 1846 2902 quod
1873 2843 1926 2901 di-

170 2910 329 2945 ccudum
350 2913 432 2945 erat
456 2910 607 2945 concisa
633 2910 669 2943 et
693 2910 820 2942 tamen
841 2908 1040 2955 perspicua
1068 2907 1238 2941 oratione
1263 2904 1472 2941 includere3
1495 2903 1553 2936 est
1573 2903 1695 2934 tamen
1723 2897 1785 2932 uhi
1812 2896 1925 2954 brevi-

171 2964 231 2997 tas
254 2962 515 3008 perspicuitati
539 2961 677 3000 nocuit,
701 2960 804 2995 velut
828 2960 875 2995 ad
901 2960 1017 2996 Andr.
1037 2959 1092 2999 41,
1115 2959 1170 2994 69.
1198 2959 1225 2997 l,
1248 2957 1316 2992 322
1336 2958 1372 2991 et
1394 2955 1470 2989 718.
1490 2954 1522 2988 3.
1545 2954 1634 2988 Cum
1657 2952 1723 2986 hac
1745 2950 1925 2985 brewtate

160 3015 209 3048 ‘et
235 3014 439 3050 sobrietate
472 3013 657 3052 cohaeret,
688 3013 785 3054 quod
818 3013 991 3048 Donatus
1022 3024 1043 3046 a
1075 3013 1180 3046 textu
1211 3008 1441 3044 Terentiano
1474 3016 1658 3049 nusquam
1692 3003 1848 3040 aberrat,
1884 3005 1925 3037 ut

172 3066 308 3111 reliqui
334 3066 515 3111 magistri,
540 3065 603 3110 qui
627 3077 703 3100 non
738 3077 821 3099 raro
843 3065 890 3099 ad
914 3064 1039 3099 aliena
1062 3063 1298 3098 delabuntur.
1437 3060 1458 3102 ¹)
1485 3058 1538 3093 Ct.
1563 3057 1609 3092 ad
1636 3056 1728 3090 Eun.
1751 3053 1829 3088 254.
