<?xml version="1.0" encoding="UTF-8"?>
<!DOCTYPE html PUBLIC "-//W3C//DTD XHTML 1.0 Transitional//EN"
    "http://www.w3.org/TR/xhtml1/DTD/xhtml1-transitional.dtd">
<html xmlns="http://www.w3.org/1999/xhtml" xml:lang="en" lang="en">
 <head>
  <title>
</title>
<meta http-equiv="Content-Type" content="text/html;charset=utf-8" />
  <meta name='ocr-system' content='tesseract 3.04.00' />
  <meta name='ocr-capabilities' content='ocr_page ocr_carea ocr_par ocr_line ocrx_word'/>
</head>
<body>
  <div class='ocr_page' id='page_1' title='image "./commentidonatian00donauoft/commentidonatian00donauoft_0620.png"; bbox 0 0 2242 3443; ppageno 0'>
   <div class='ocr_carea' id='block_1_1' title="bbox 353 204 1277 242">
    <p class='ocr_par' dir='ltr' id='par_1_1' title="bbox 353 204 1277 242">
     <span class='ocr_line' id='line_1_1' title="bbox 353 204 1277 242; baseline 0 0"><span class='ocrx_word' id='word_1_1' title='bbox 353 213 545 242; x_wconf 74' lang='lat' dir='ltr'>PHORMlo</span> <span class='ocrx_word' id='word_1_2' title='bbox 1193 204 1277 242; x_wconf 88' lang='grc'>268</span> 
     </span>
    </p>
   </div>
   <div class='ocr_carea' id='block_1_2' title="bbox 350 485 424 521">
    <p class='ocr_par' dir='ltr' id='par_1_2' title="bbox 350 485 424 521">
     <span class='ocr_line' id='line_1_2' title="bbox 350 485 424 521; baseline 0 0"><span class='ocrx_word' id='word_1_3' title='bbox 350 485 424 521; x_wconf 82' lang='lat'>347</span> 
     </span>
    </p>
   </div>
   <div class='ocr_carea' id='block_1_3' title="bbox 348 956 425 992">
    <p class='ocr_par' dir='ltr' id='par_1_3' title="bbox 348 956 425 992">
     <span class='ocr_line' id='line_1_3' title="bbox 348 956 425 992; baseline 0 0"><span class='ocrx_word' id='word_1_4' title='bbox 348 956 425 992; x_wconf 80' lang='lat'>348</span> 
     </span>
    </p>
   </div>
   <div class='ocr_carea' id='block_1_4' title="bbox 347 1969 425 2082">
    <p class='ocr_par' dir='ltr' id='par_1_4' title="bbox 347 1969 425 2082">
     <span class='ocr_line' id='line_1_4' title="bbox 347 1969 424 2005; baseline 0.013 -1"><span class='ocrx_word' id='word_1_5' title='bbox 347 1969 424 2005; x_wconf 73' lang='lat'>349</span> 
     </span>
     <span class='ocr_line' id='line_1_5' title="bbox 347 2046 425 2082; baseline 0.013 -1"><span class='ocrx_word' id='word_1_6' title='bbox 347 2046 425 2082; x_wconf 82' lang='lat'>350</span> 
     </span>
    </p>
   </div>
   <div class='ocr_carea' id='block_1_5' title="bbox 348 2498 422 2534">
    <p class='ocr_par' dir='ltr' id='par_1_5' title="bbox 348 2498 422 2534">
     <span class='ocr_line' id='line_1_6' title="bbox 348 2498 422 2534; baseline 0.014 -1"><span class='ocrx_word' id='word_1_7' title='bbox 348 2498 422 2534; x_wconf 80' lang='lat'>351</span> 
     </span>
    </p>
   </div>
   <div class='ocr_carea' id='block_1_6' title="bbox 495 330 2121 760">
    <p class='ocr_par' dir='ltr' id='par_1_6' title="bbox 499 330 2120 446">
     <span class='ocr_line' id='line_1_7' title="bbox 499 330 2120 380; baseline 0.002 -13"><span class='ocrx_word' id='word_1_8' title='bbox 499 339 638 368; x_wconf 78' lang='lat' dir='ltr'>como</span> <span class='ocrx_word' id='word_1_9' title='bbox 680 340 903 368; x_wconf 56' lang='lat' dir='ltr'>Aenianum</span> <span class='ocrx_word' id='word_1_10' title='bbox 949 340 1024 369; x_wconf 64' lang='lat' dir='ltr'>nsi·</span> <span class='ocrx_word' id='word_1_11' title='bbox 1067 331 1298 370; x_wconf 83' lang='lat' dir='ltr'>translatio</span> <span class='ocrx_word' id='word_1_12' title='bbox 1343 342 1367 369; x_wconf 89' lang='lat' dir='ltr'>a</span> <span class='ocrx_word' id='word_1_13' title='bbox 1410 330 1585 380; x_wconf 91' lang='lat' dir='ltr'>proelio,</span> <span class='ocrx_word' id='word_1_14' title='bbox 1630 341 1731 370; x_wconf 87' lang='lat' dir='ltr'>nam</span> <span class='ocrx_word' id='word_1_15' title='bbox 1775 333 1818 370; x_wconf 90' lang='lat' dir='ltr'>et</span> <span class='ocrx_word' id='word_1_16' title='bbox 1853 332 2120 380; x_wconf 82' lang='lat' dir='ltr'>congredi</span> 
     </span>
     <span class='ocr_line' id='line_1_8' title="bbox 501 406 1174 446; baseline 0.001 -2"><span class='ocrx_word' id='word_1_17' title='bbox 501 406 664 444; x_wconf 83' lang='lat' dir='ltr'>milites</span> <span class='ocrx_word' id='word_1_18' title='bbox 697 410 740 445; x_wconf 86' lang='lat' dir='ltr'>et</span> <span class='ocrx_word' id='word_1_19' title='bbox 772 407 924 445; x_wconf 91' lang='lat' dir='ltr'>coire</span> <span class='ocrx_word' id='word_1_20' title='bbox 958 407 1174 446; x_wconf 86' lang='lat' dir='ltr'>dicuntur.</span> 
     </span>
    </p>

    <p class='ocr_par' dir='ltr' id='par_1_7' title="bbox 495 483 2121 760">
     <span class='ocr_line' id='line_1_9' title="bbox 561 483 2121 531; baseline 0.001 -11"><span class='ocrx_word' id='word_1_21' title='bbox 561 484 579 520; x_wconf 91' lang='lat'>1</span> <span class='ocrx_word' id='word_1_22' title='bbox 616 492 654 520; x_wconf 85' lang='lat' dir='ltr'>sr</span> <span class='ocrx_word' id='word_1_23' title='bbox 687 491 779 520; x_wconf 77' lang='lat' dir='ltr'>EAM</span> <span class='ocrx_word' id='word_1_24' title='bbox 807 493 1091 521; x_wconf 74' lang='lat' dir='ltr'>sus‘rmunffls</span> <span class='ocrx_word' id='word_1_25' title='bbox 1120 483 1308 522; x_wconf 86' lang='lat' dir='ltr'>multum</span> <span class='ocrx_word' id='word_1_26' title='bbox 1338 483 1390 522; x_wconf 86' lang='lat' dir='ltr'>de</span> <span class='ocrx_word' id='word_1_27' title='bbox 1418 483 1490 522; x_wconf 91' lang='lat' dir='ltr'>illo</span> <span class='ocrx_word' id='word_1_28' title='bbox 1520 483 1672 531; x_wconf 80' lang='lat' dir='ltr'>exigit,</span> <span class='ocrx_word' id='word_1_29' title='bbox 1701 483 1873 530; x_wconf 88' lang='lat' dir='ltr'>quando</span> <span class='ocrx_word' id='word_1_30' title='bbox 1902 493 1987 522; x_wconf 89' lang='lat' dir='ltr'>non</span> <span class='ocrx_word' id='word_1_31' title='bbox 2017 483 2121 523; x_wconf 89' lang='lat' dir='ltr'>dicit</span> 
     </span>
     <span class='ocr_line' id='line_1_10' title="bbox 501 557 2120 608; baseline 0.002 -13"><span class='ocrx_word' id='word_1_32' title='bbox 501 557 551 595; x_wconf 89' lang='lat' dir='ltr'>‘si</span> <span class='ocrx_word' id='word_1_33' title='bbox 594 568 692 596; x_wconf 90' lang='lat' dir='ltr'>eam</span> <span class='ocrx_word' id='word_1_34' title='bbox 739 559 996 607; x_wconf 89' lang='lat' dir='ltr'>reppuleris’</span> <span class='ocrx_word' id='word_1_35' title='bbox 1039 559 1114 598; x_wconf 90' lang='lat' dir='ltr'>sed</span> <span class='ocrx_word' id='word_1_36' title='bbox 1152 559 1296 608; x_wconf 85' lang='lat' dir='ltr'>potius</span> <span class='ocrx_word' id='word_1_37' title='bbox 1332 560 1640 598; x_wconf 86' lang='lat' dir='ltr'>‘sustinueris’.</span> <span class='ocrx_word' id='word_1_38' title='bbox 1676 560 1700 597; x_wconf 86' lang='lat'><strong>2</strong></span> <span class='ocrx_word' id='word_1_39' title='bbox 1735 569 1838 598; x_wconf 79' lang='lat' dir='ltr'>Pos‘r</span> <span class='ocrx_word' id='word_1_40' title='bbox 1871 570 2007 598; x_wconf 75' lang='lat' dir='ltr'><strong>ILLAM</strong></span> <span class='ocrx_word' id='word_1_41' title='bbox 2040 569 2120 598; x_wconf 74' lang='lat' dir='ltr'>IAM</span> 
     </span>
     <span class='ocr_line' id='line_1_11' title="bbox 495 635 2119 684; baseline 0.001 -12"><span class='ocrx_word' id='word_1_42' title='bbox 495 644 550 672; x_wconf 75' lang='grc' dir='ltr'>ΠΤ</span> <span class='ocrx_word' id='word_1_43' title='bbox 600 644 724 672; x_wconf 70' lang='lat' dir='ltr'>tiam·</span> <span class='ocrx_word' id='word_1_44' title='bbox 772 645 915 674; x_wconf 74' lang='lat' dir='ltr'>LUDAs</span> <span class='ocrx_word' id='word_1_45' title='bbox 958 646 1079 674; x_wconf 76' lang='lat' dir='ltr'>chm·</span> <span class='ocrx_word' id='word_1_46' title='bbox 1124 636 1166 673; x_wconf 90' lang='lat' dir='ltr'>in</span> <span class='ocrx_word' id='word_1_47' title='bbox 1211 635 1350 674; x_wconf 89' lang='lat' dir='ltr'>officio</span> <span class='ocrx_word' id='word_1_48' title='bbox 1395 635 1576 674; x_wconf 88' lang='lat' dir='ltr'>militari</span> <span class='ocrx_word' id='word_1_49' title='bbox 1619 645 1749 674; x_wconf 89' lang='lat' dir='ltr'>omne</span> <span class='ocrx_word' id='word_1_50' title='bbox 1792 636 2018 684; x_wconf 85' lang='lat' dir='ltr'>negotium</span> <span class='ocrx_word' id='word_1_51' title='bbox 2052 635 2119 674; x_wconf 89' lang='lat' dir='ltr'>vel</span> 
     </span>
     <span class='ocr_line' id='line_1_12' title="bbox 499 712 1100 760; baseline 0.003 -12"><span class='ocrx_word' id='word_1_52' title='bbox 499 720 685 760; x_wconf 87' lang='lat' dir='ltr'>pugna</span> <span class='ocrx_word' id='word_1_53' title='bbox 721 712 786 751; x_wconf 90' lang='lat' dir='ltr'>vel</span> <span class='ocrx_word' id='word_1_54' title='bbox 821 712 986 751; x_wconf 90' lang='lat' dir='ltr'>ludus</span> <span class='ocrx_word' id='word_1_55' title='bbox 1020 716 1100 751; x_wconf 90' lang='lat' dir='ltr'>est.</span> 
     </span>
    </p>
   </div>
   <div class='ocr_carea' id='block_1_7' title="bbox 1222 833 1261 871">
    <p class='ocr_par' dir='ltr' id='par_1_8' title="bbox 1222 833 1261 871">
     <span class='ocr_line' id='line_1_13' title="bbox 1222 833 1261 871; baseline 0 0"><span class='ocrx_word' id='word_1_56' title='bbox 1222 833 1261 871; x_wconf 88' lang='grc'>3.</span> 
     </span>
    </p>
   </div>
   <div class='ocr_carea' id='block_1_8' title="bbox 493 954 2123 1689">
    <p class='ocr_par' dir='ltr' id='par_1_9' title="bbox 493 954 2123 1689">
     <span class='ocr_line' id='line_1_14' title="bbox 559 954 2118 997; baseline 0.001 -7"><span class='ocrx_word' id='word_1_57' title='bbox 559 954 577 990; x_wconf 89' lang='grc'>1</span> <span class='ocrx_word' id='word_1_58' title='bbox 616 962 669 990; x_wconf 76' lang='grc' dir='ltr'>ΕΝ</span> <span class='ocrx_word' id='word_1_59' title='bbox 703 962 894 997; x_wconf 83' lang='lat' dir='ltr'><strong>UMQUAM</strong></span> <span class='ocrx_word' id='word_1_60' title='bbox 927 962 1125 997; x_wconf 78' lang='lat' dir='ltr'><strong>CUIQUAM</strong></span> <span class='ocrx_word' id='word_1_61' title='bbox 1159 962 1530 992; x_wconf 67' lang='lat' dir='ltr'>conrpuemosms</span> <span class='ocrx_word' id='word_1_62' title='bbox 1564 962 1769 991; x_wconf 78' lang='lat' dir='ltr'>AUDISTIS</span> <span class='ocrx_word' id='word_1_63' title='bbox 1800 963 1977 991; x_wconf 79' lang='lat' dir='ltr'>FACTAM</span> <span class='ocrx_word' id='word_1_64' title='bbox 2010 962 2118 992; x_wconf 78' lang='lat' dir='ltr'>rmu-</span> 
     </span>
     <span class='ocr_line' id='line_1_15' title="bbox 494 1029 2118 1078; baseline 0 -11"><span class='ocrx_word' id='word_1_65' title='bbox 494 1039 606 1067; x_wconf 81' lang='lat' dir='ltr'><strong>RIAM</strong></span> <span class='ocrx_word' id='word_1_66' title='bbox 648 1030 690 1067; x_wconf 90' lang='lat' dir='ltr'>in</span> <span class='ocrx_word' id='word_1_67' title='bbox 734 1029 816 1067; x_wconf 91' lang='lat' dir='ltr'>hac</span> <span class='ocrx_word' id='word_1_68' title='bbox 847 1039 1020 1078; x_wconf 91' lang='lat' dir='ltr'>scaena,</span> <span class='ocrx_word' id='word_1_69' title='bbox 1056 1032 1104 1068; x_wconf 90' lang='lat' dir='ltr'>ut</span> <span class='ocrx_word' id='word_1_70' title='bbox 1134 1029 1386 1068; x_wconf 83' lang='lat' dir='ltr'>rhetoribus</span> <span class='ocrx_word' id='word_1_71' title='bbox 1418 1029 1574 1078; x_wconf 87' lang='lat' dir='ltr'>placet,</span> <span class='ocrx_word' id='word_1_72' title='bbox 1612 1029 1746 1067; x_wconf 79' lang='lat' dir='ltr'>veluti</span> <span class='ocrx_word' id='word_1_73' title='bbox 1779 1029 1993 1076; x_wconf 85' lang='lat' dir='ltr'>quaedam</span> <span class='ocrx_word' id='word_1_74' title='bbox 2025 1038 2118 1067; x_wconf 87' lang='lat' dir='ltr'>con-</span> 
     </span>
     <span class='ocr_line' id='line_1_16' title="bbox 494 1106 2122 1154; baseline 0 -11"><span class='ocrx_word' id='word_1_75' title='bbox 494 1106 711 1144; x_wconf 83' lang='lat' dir='ltr'>troversia</span> <span class='ocrx_word' id='word_1_76' title='bbox 744 1108 823 1153; x_wconf 87' lang='lat' dir='ltr'>est,</span> <span class='ocrx_word' id='word_1_77' title='bbox 859 1115 968 1153; x_wconf 87' lang='lat' dir='ltr'>quae</span> <span class='ocrx_word' id='word_1_78' title='bbox 1003 1115 1088 1144; x_wconf 89' lang='lat' dir='ltr'>uno</span> <span class='ocrx_word' id='word_1_79' title='bbox 1123 1108 1320 1154; x_wconf 89' lang='lat' dir='ltr'>tempore</span> <span class='ocrx_word' id='word_1_80' title='bbox 1353 1115 1408 1144; x_wconf 89' lang='lat' dir='ltr'>ex</span> <span class='ocrx_word' id='word_1_81' title='bbox 1441 1109 1626 1153; x_wconf 85' lang='lat' dir='ltr'>utraque</span> <span class='ocrx_word' id='word_1_82' title='bbox 1659 1107 1780 1154; x_wconf 89' lang='lat' dir='ltr'>parte</span> <span class='ocrx_word' id='word_1_83' title='bbox 1811 1106 2041 1153; x_wconf 88' lang='lat' dir='ltr'>tractatur,</span> <span class='ocrx_word' id='word_1_84' title='bbox 2074 1106 2122 1143; x_wconf 90' lang='lat' dir='ltr'>ut</span> 
     </span>
     <span class='ocr_line' id='line_1_17' title="bbox 493 1180 2120 1230; baseline -0.001 -10"><span class='ocrx_word' id='word_1_85' title='bbox 493 1183 528 1220; x_wconf 93' lang='lat' dir='ltr'>si</span> <span class='ocrx_word' id='word_1_86' title='bbox 573 1183 671 1229; x_wconf 88' lang='lat' dir='ltr'>quis</span> <span class='ocrx_word' id='word_1_87' title='bbox 708 1181 825 1220; x_wconf 89' lang='lat' dir='ltr'>dicat</span> <span class='ocrx_word' id='word_1_88' title='bbox 857 1181 1000 1230; x_wconf 86' lang='lat' dir='ltr'>legem</span> <span class='ocrx_word' id='word_1_89' title='bbox 1035 1191 1146 1229; x_wconf 87' lang='lat' dir='ltr'>esse,</span> <span class='ocrx_word' id='word_1_90' title='bbox 1182 1191 1236 1220; x_wconf 90' lang='lat' dir='ltr'>ne</span> <span class='ocrx_word' id='word_1_91' title='bbox 1269 1181 1320 1220; x_wconf 90' lang='lat' dir='ltr'>de</span> <span class='ocrx_word' id='word_1_92' title='bbox 1354 1181 1506 1220; x_wconf 86' lang='lat' dir='ltr'>eadem</span> <span class='ocrx_word' id='word_1_93' title='bbox 1541 1191 1585 1220; x_wconf 88' lang='lat' dir='ltr'>re</span> <span class='ocrx_word' id='word_1_94' title='bbox 1617 1180 1686 1219; x_wconf 93' lang='lat' dir='ltr'>bis</span> <span class='ocrx_word' id='word_1_95' title='bbox 1719 1183 1888 1229; x_wconf 88' lang='lat' dir='ltr'>agatur,</span> <span class='ocrx_word' id='word_1_96' title='bbox 1923 1183 1966 1219; x_wconf 91' lang='lat' dir='ltr'>et</span> <span class='ocrx_word' id='word_1_97' title='bbox 1997 1181 2120 1229; x_wconf 88' lang='lat' dir='ltr'>item,</span> 
     </span>
     <span class='ocr_line' id='line_1_18' title="bbox 495 1257 2120 1308; baseline -0.002 -10"><span class='ocrx_word' id='word_1_98' title='bbox 495 1262 541 1298; x_wconf 91' lang='lat' dir='ltr'>ut</span> <span class='ocrx_word' id='word_1_99' title='bbox 583 1259 733 1298; x_wconf 89' lang='lat' dir='ltr'>orbam</span> <span class='ocrx_word' id='word_1_100' title='bbox 775 1259 1006 1308; x_wconf 89' lang='lat' dir='ltr'>proximus</span> <span class='ocrx_word' id='word_1_101' title='bbox 1050 1259 1203 1306; x_wconf 89' lang='lat' dir='ltr'>ducat;</span> <span class='ocrx_word' id='word_1_102' title='bbox 1248 1262 1304 1302; x_wconf 85' lang='lat' dir='ltr'>(a)</span> <span class='ocrx_word' id='word_1_103' title='bbox 1347 1259 1611 1298; x_wconf 89' lang='lat' dir='ltr'>meminisse</span> <span class='ocrx_word' id='word_1_104' title='bbox 1653 1260 1803 1297; x_wconf 89' lang='lat' dir='ltr'>autem</span> <span class='ocrx_word' id='word_1_105' title='bbox 1836 1257 2047 1296; x_wconf 87' lang='lat' dir='ltr'>debemus</span> <span class='ocrx_word' id='word_1_106' title='bbox 2077 1257 2120 1295; x_wconf 91' lang='lat' dir='ltr'>in</span> 
     </span>
     <span class='ocr_line' id='line_1_19' title="bbox 493 1334 2123 1384; baseline -0.001 -10"><span class='ocrx_word' id='word_1_107' title='bbox 493 1337 613 1375; x_wconf 89' lang='lat' dir='ltr'>omni</span> <span class='ocrx_word' id='word_1_108' title='bbox 656 1336 938 1375; x_wconf 81' lang='lat' dir='ltr'>contentione</span> <span class='ocrx_word' id='word_1_109' title='bbox 972 1345 1023 1373; x_wconf 88' lang='lat' dir='ltr'>ea</span> <span class='ocrx_word' id='word_1_110' title='bbox 1056 1335 1252 1373; x_wconf 82' lang='lat' dir='ltr'>maxime</span> <span class='ocrx_word' id='word_1_111' title='bbox 1284 1335 1380 1383; x_wconf 90' lang='lat' dir='ltr'>dici,</span> <span class='ocrx_word' id='word_1_112' title='bbox 1416 1345 1527 1383; x_wconf 85' lang='lat' dir='ltr'>quae</span> <span class='ocrx_word' id='word_1_113' title='bbox 1560 1335 1748 1384; x_wconf 87' lang='lat' dir='ltr'>simplici</span> <span class='ocrx_word' id='word_1_114' title='bbox 1782 1335 1897 1383; x_wconf 90' lang='lat' dir='ltr'>patri</span> <span class='ocrx_word' id='word_1_115' title='bbox 1929 1334 2123 1373; x_wconf 86' lang='lat' dir='ltr'>familias</span> 
     </span>
     <span class='ocr_line' id='line_1_20' title="bbox 495 1411 2123 1460; baseline -0.001 -9"><span class='ocrx_word' id='word_1_116' title='bbox 495 1414 539 1451; x_wconf 93' lang='lat' dir='ltr'>et</span> <span class='ocrx_word' id='word_1_117' title='bbox 571 1412 845 1451; x_wconf 89' lang='lat' dir='ltr'>calumnioso</span> <span class='ocrx_word' id='word_1_118' title='bbox 877 1411 1177 1460; x_wconf 84' lang='lat' dir='ltr'>sycophantae</span> <span class='ocrx_word' id='word_1_119' title='bbox 1208 1412 1627 1460; x_wconf 83' lang='lat' dir='ltr'>improbissimoque</span> <span class='ocrx_word' id='word_1_120' title='bbox 1660 1411 1853 1460; x_wconf 88' lang='lat' dir='ltr'>parasito</span> <span class='ocrx_word' id='word_1_121' title='bbox 1886 1420 2123 1459; x_wconf 88' lang='lat' dir='ltr'>congruere</span> 
     </span>
     <span class='ocr_line' id='line_1_21' title="bbox 496 1487 2121 1537; baseline -0.001 -10"><span class='ocrx_word' id='word_1_122' title='bbox 496 1491 651 1537; x_wconf 89' lang='lat' dir='ltr'>poetae</span> <span class='ocrx_word' id='word_1_123' title='bbox 685 1489 781 1527; x_wconf 89' lang='lat' dir='ltr'>visa</span> <span class='ocrx_word' id='word_1_124' title='bbox 809 1489 910 1527; x_wconf 90' lang='lat' dir='ltr'>sint.</span> <span class='ocrx_word' id='word_1_125' title='bbox 943 1489 967 1526; x_wconf 89' lang='grc'>2</span> <span class='ocrx_word' id='word_1_126' title='bbox 995 1498 1051 1527; x_wconf 78' lang='lat' dir='ltr'>EN</span> <span class='ocrx_word' id='word_1_127' title='bbox 1077 1498 1272 1536; x_wconf 81' lang='lat' dir='ltr'>UMQUAM</span> <span class='ocrx_word' id='word_1_128' title='bbox 1301 1498 1501 1533; x_wconf 79' lang='lat' dir='ltr'><strong>CUIQUAM</strong></span> <span class='ocrx_word' id='word_1_129' title='bbox 1530 1498 1717 1526; x_wconf 68' lang='lat' dir='ltr'>commu.</span> <span class='ocrx_word' id='word_1_130' title='bbox 1746 1499 1788 1525; x_wconf 88' lang='lat' dir='ltr'>A.</span> <span class='ocrx_word' id='word_1_131' title='bbox 1809 1488 1895 1526; x_wconf 89' lang='lat' dir='ltr'>iam</span> <span class='ocrx_word' id='word_1_132' title='bbox 1916 1487 2121 1526; x_wconf 88' lang='lat' dir='ltr'>instructi</span> 
     </span>
     <span class='ocr_line' id='line_1_22' title="bbox 496 1560 2122 1614; baseline -0.001 -11"><span class='ocrx_word' id='word_1_133' title='bbox 496 1568 600 1604; x_wconf 88' lang='lat' dir='ltr'>sunt</span> <span class='ocrx_word' id='word_1_134' title='bbox 638 1565 854 1613; x_wconf 84' lang='lat' dir='ltr'>advocati,</span> <span class='ocrx_word' id='word_1_135' title='bbox 889 1568 933 1604; x_wconf 92' lang='lat' dir='ltr'>et</span> <span class='ocrx_word' id='word_1_136' title='bbox 966 1568 1106 1604; x_wconf 86' lang='lat' dir='ltr'>recte:</span> <span class='ocrx_word' id='word_1_137' title='bbox 1142 1565 1323 1613; x_wconf 87' lang='lat' dir='ltr'>longum</span> <span class='ocrx_word' id='word_1_138' title='bbox 1357 1566 1475 1604; x_wconf 89' lang='lat' dir='ltr'>enim</span> <span class='ocrx_word' id='word_1_139' title='bbox 1508 1564 1649 1603; x_wconf 87' lang='lat' dir='ltr'>fuerat</span> <span class='ocrx_word' id='word_1_140' title='bbox 1682 1564 1831 1603; x_wconf 89' lang='lat' dir='ltr'>omnia</span> <span class='ocrx_word' id='word_1_141' title='bbox 1861 1564 1968 1602; x_wconf 88' lang='lat' dir='ltr'>haec</span> <span class='ocrx_word' id='word_1_142' title='bbox 2000 1573 2075 1612; x_wconf 90' lang='lat' dir='ltr'>per</span> <span class='ocrx_word' id='word_1_143' title='bbox 2093 1560 2122 1614; x_wconf 91' lang='lat'>1)</span> 
     </span>
     <span class='ocr_line' id='line_1_23' title="bbox 496 1640 2122 1689; baseline -0.001 -9"><span class='ocrx_word' id='word_1_144' title='bbox 496 1652 705 1680; x_wconf 85' lang='lat' dir='ltr'>scaenam</span> <span class='ocrx_word' id='word_1_145' title='bbox 748 1642 853 1689; x_wconf 88' lang='lat' dir='ltr'>geri.</span> <span class='ocrx_word' id='word_1_146' title='bbox 899 1642 923 1679; x_wconf 83' lang='lat'><strong>3</strong></span> <span class='ocrx_word' id='word_1_147' title='bbox 956 1651 1011 1680; x_wconf 84' lang='lat' dir='ltr'>EN</span> <span class='ocrx_word' id='word_1_148' title='bbox 1045 1651 1236 1686; x_wconf 81' lang='lat' dir='ltr'><strong>UMQUAM</strong></span> <span class='ocrx_word' id='word_1_149' title='bbox 1271 1640 1352 1680; x_wconf 86' lang='lat' dir='ltr'>‘en’</span> <span class='ocrx_word' id='word_1_150' title='bbox 1390 1642 1477 1679; x_wconf 89' lang='lat' dir='ltr'>vim</span> <span class='ocrx_word' id='word_1_151' title='bbox 1513 1641 1644 1680; x_wconf 88' lang='lat' dir='ltr'>habet</span> <span class='ocrx_word' id='word_1_152' title='bbox 1676 1640 1993 1689; x_wconf 86' lang='lat' dir='ltr'>indignationis</span> <span class='ocrx_word' id='word_1_153' title='bbox 2025 1641 2122 1688; x_wconf 87' lang='lat' dir='ltr'>post</span> 
     </span>
    </p>
   </div>
   <div class='ocr_carea' id='block_1_9' title="bbox 496 1718 1004 1756">
    <p class='ocr_par' dir='ltr' id='par_1_10' title="bbox 496 1718 1004 1756">
     <span class='ocr_line' id='line_1_24' title="bbox 496 1718 1004 1756; baseline 0 0"><span class='ocrx_word' id='word_1_154' title='bbox 496 1720 748 1756; x_wconf 85' lang='lat' dir='ltr'>enarratam</span> <span class='ocrx_word' id='word_1_155' title='bbox 779 1718 1004 1756; x_wconf 90' lang='lat' dir='ltr'>iniuriam.</span> 
     </span>
    </p>
   </div>
   <div class='ocr_carea' id='block_1_10' title="bbox 612 1783 2118 1929">
    <p class='ocr_par' dir='ltr' id='par_1_11' title="bbox 612 1783 2118 1929">
     <span class='ocr_line' id='line_1_25' title="bbox 672 1783 2118 1829; baseline -0.001 -10"><span class='ocrx_word' id='word_1_156' title='bbox 672 1784 688 1819; x_wconf 89' lang='lat'>1</span> <span class='ocrx_word' id='word_1_157' title='bbox 722 1794 746 1818; x_wconf 83' lang='grc' dir='ltr'><em>α</em></span> <span class='ocrx_word' id='word_1_158' title='bbox 774 1784 796 1804; x_wconf 56' lang='lat'>³*</span> <span class='ocrx_word' id='word_1_159' title='bbox 825 1785 989 1828; x_wconf 88' lang='lat' dir='ltr'>quidam</span> <span class='ocrx_word' id='word_1_160' title='bbox 1017 1785 1188 1820; x_wconf 83' lang='lat' dir='ltr'>absente</span> <span class='ocrx_word' id='word_1_161' title='bbox 1217 1785 1330 1829; x_wconf 91' lang='lat' dir='ltr'>patre</span> <span class='ocrx_word' id='word_1_162' title='bbox 1361 1784 1436 1819; x_wconf 89' lang='lat' dir='ltr'>sub</span> <span class='ocrx_word' id='word_1_163' title='bbox 1466 1783 1540 1820; x_wconf 93' lang='lat' dir='ltr'>hoc</span> <span class='ocrx_word' id='word_1_164' title='bbox 1568 1783 1732 1820; x_wconf 91' lang='lat' dir='ltr'>nomine</span> <span class='ocrx_word' id='word_1_165' title='bbox 1761 1793 1930 1820; x_wconf 88' lang='lat' dir='ltr'>uxorem</span> <span class='ocrx_word' id='word_1_166' title='bbox 1955 1783 2118 1818; x_wconf 88' lang='lat' dir='ltr'>coactus</span> 
     </span>
     <span class='ocr_line' id='line_1_26' title="bbox 613 1836 2117 1883; baseline 0 -10"><span class='ocrx_word' id='word_1_167' title='bbox 613 1838 688 1873; x_wconf 90' lang='lat' dir='ltr'>erit</span> <span class='ocrx_word' id='word_1_168' title='bbox 701 1836 728 1879; x_wconf 82' lang='lat'>²)</span> <span class='ocrx_word' id='word_1_169' title='bbox 765 1839 930 1874; x_wconf 88' lang='lat' dir='ltr'>ducere:</span> <span class='ocrx_word' id='word_1_170' title='bbox 960 1839 1047 1874; x_wconf 89' lang='lat' dir='ltr'>vult</span> <span class='ocrx_word' id='word_1_171' title='bbox 1074 1839 1182 1875; x_wconf 92' lang='lat' dir='ltr'>illam</span> <span class='ocrx_word' id='word_1_172' title='bbox 1212 1842 1326 1883; x_wconf 90' lang='lat' dir='ltr'>pater</span> <span class='ocrx_word' id='word_1_173' title='bbox 1355 1838 1575 1875; x_wconf 89' lang='lat' dir='ltr'>adveniens</span> <span class='ocrx_word' id='word_1_174' title='bbox 1603 1839 1730 1875; x_wconf 90' lang='lat' dir='ltr'>eicere</span> <span class='ocrx_word' id='word_1_175' title='bbox 1759 1838 1807 1874; x_wconf 90' lang='lat' dir='ltr'>de</span> <span class='ocrx_word' id='word_1_176' title='bbox 1835 1837 2117 1874; x_wconf 89' lang='lat' dir='ltr'>matrimonio:</span> 
     </span>
     <span class='ocr_line' id='line_1_27' title="bbox 612 1893 913 1929; baseline -0.003 -1"><span class='ocrx_word' id='word_1_177' title='bbox 612 1893 913 1929; x_wconf 87' lang='lat' dir='ltr'>contradicitur.</span> 
     </span>
    </p>
   </div>
   <div class='ocr_carea' id='block_1_11' title="bbox 494 1964 2119 2314">
    <p class='ocr_par' dir='ltr' id='par_1_12' title="bbox 552 1964 1750 2010">
     <span class='ocr_line' id='line_1_28' title="bbox 552 1964 1750 2010; baseline 0 -7"><span class='ocrx_word' id='word_1_178' title='bbox 552 1975 676 2010; x_wconf 79' lang='lat' dir='ltr'><strong>QUAM</strong></span> <span class='ocrx_word' id='word_1_179' title='bbox 710 1975 824 2003; x_wconf 78' lang='lat' dir='ltr'>HAEC</span> <span class='ocrx_word' id='word_1_180' title='bbox 858 1975 933 2003; x_wconf 81' lang='lat' dir='ltr'>EST</span> <span class='ocrx_word' id='word_1_181' title='bbox 967 1975 1068 2003; x_wconf 77' lang='lat' dir='ltr'>mm</span> <span class='ocrx_word' id='word_1_182' title='bbox 1103 1964 1233 2004; x_wconf 85' lang='lat' dir='ltr'>‘facta</span> <span class='ocrx_word' id='word_1_183' title='bbox 1265 1965 1439 2004; x_wconf 90' lang='lat' dir='ltr'>iniuria’</span> <span class='ocrx_word' id='word_1_184' title='bbox 1473 1964 1750 2003; x_wconf 81' lang='lat' dir='ltr'>subauditur.</span> 
     </span>
    </p>

    <p class='ocr_par' dir='ltr' id='par_1_13' title="bbox 494 2039 2119 2314">
     <span class='ocr_line' id='line_1_29' title="bbox 560 2039 2119 2089; baseline -0.001 -10"><span class='ocrx_word' id='word_1_185' title='bbox 560 2044 574 2079; x_wconf 92' lang='lat' dir='ltr'>l</span> <span class='ocrx_word' id='word_1_186' title='bbox 622 2052 788 2080; x_wconf 73' lang='lat' dir='ltr'>Annsrn</span> <span class='ocrx_word' id='word_1_187' title='bbox 831 2051 998 2086; x_wconf 76' lang='lat' dir='ltr'>QUAEso</span> <span class='ocrx_word' id='word_1_188' title='bbox 1031 2041 1208 2080; x_wconf 90' lang='lat' dir='ltr'>interim</span> <span class='ocrx_word' id='word_1_189' title='bbox 1242 2042 1444 2080; x_wconf 88' lang='lat' dir='ltr'>advocati</span> <span class='ocrx_word' id='word_1_190' title='bbox 1477 2039 1594 2088; x_wconf 79' lang='grc' dir='ltr'><strong>κωφὰ</strong></span> <span class='ocrx_word' id='word_1_191' title='bbox 1626 2039 1821 2089; x_wconf 79' lang='grc' dir='ltr'><strong><em>πρόσωπα</em></strong></span> <span class='ocrx_word' id='word_1_192' title='bbox 1854 2040 2119 2079; x_wconf 91' lang='lat' dir='ltr'>inducuntur</span> 
     </span>
     <span class='ocr_line' id='line_1_30' title="bbox 495 2116 2117 2166; baseline -0.001 -10"><span class='ocrx_word' id='word_1_193' title='bbox 495 2120 538 2156; x_wconf 91' lang='lat' dir='ltr'>et</span> <span class='ocrx_word' id='word_1_194' title='bbox 580 2117 760 2156; x_wconf 86' lang='lat' dir='ltr'>ridicule</span> <span class='ocrx_word' id='word_1_195' title='bbox 804 2120 953 2156; x_wconf 88' lang='lat' dir='ltr'>tacent</span> <span class='ocrx_word' id='word_1_196' title='bbox 990 2118 1122 2166; x_wconf 88' lang='lat' dir='ltr'>prius,</span> <span class='ocrx_word' id='word_1_197' title='bbox 1158 2119 1311 2165; x_wconf 88' lang='lat' dir='ltr'>postea</span> <span class='ocrx_word' id='word_1_198' title='bbox 1343 2117 1554 2164; x_wconf 87' lang='lat' dir='ltr'>locuturi;</span> <span class='ocrx_word' id='word_1_199' title='bbox 1591 2117 1614 2155; x_wconf 85' lang='lat'><strong>2</strong></span> <span class='ocrx_word' id='word_1_200' title='bbox 1650 2118 1693 2156; x_wconf 86' lang='lat' dir='ltr'>et</span> <span class='ocrx_word' id='word_1_201' title='bbox 1725 2126 1890 2155; x_wconf 72' lang='lat' dir='ltr'>Aonsrn</span> <span class='ocrx_word' id='word_1_202' title='bbox 1922 2116 2117 2165; x_wconf 82' lang='lat' dir='ltr'>proprie:</span> 
     </span>
     <span class='ocr_line' id='line_1_31' title="bbox 496 2193 2114 2242; baseline -0.001 -10"><span class='ocrx_word' id='word_1_203' title='bbox 496 2193 698 2232; x_wconf 87' lang='lat' dir='ltr'>adesse</span> <span class='ocrx_word' id='word_1_204' title='bbox 729 2194 848 2232; x_wconf 88' lang='lat' dir='ltr'>enim</span> <span class='ocrx_word' id='word_1_205' title='bbox 881 2203 1083 2232; x_wconf 89' lang='lat' dir='ltr'>causae</span> <span class='ocrx_word' id='word_1_206' title='bbox 1115 2194 1286 2241; x_wconf 86' lang='lat' dir='ltr'>proprie</span> <span class='ocrx_word' id='word_1_207' title='bbox 1313 2194 1520 2232; x_wconf 89' lang='lat' dir='ltr'>dicuntur</span> <span class='ocrx_word' id='word_1_208' title='bbox 1546 2193 1716 2242; x_wconf 90' lang='lat' dir='ltr'>patroni</span> <span class='ocrx_word' id='word_1_209' title='bbox 1743 2195 1786 2232; x_wconf 89' lang='lat' dir='ltr'>et</span> <span class='ocrx_word' id='word_1_210' title='bbox 1814 2193 1961 2231; x_wconf 89' lang='lat' dir='ltr'>amici.</span> <span class='ocrx_word' id='word_1_211' title='bbox 1981 2193 2006 2231; x_wconf 86' lang='lat'><strong>3</strong></span> <span class='ocrx_word' id='word_1_212' title='bbox 2024 2202 2114 2231; x_wconf 73' lang='lat' dir='ltr'>mA-</span> 
     </span>
     <span class='ocr_line' id='line_1_32' title="bbox 494 2269 2117 2314; baseline -0.001 -6"><span class='ocrx_word' id='word_1_213' title='bbox 494 2280 576 2308; x_wconf 76' lang='lat' dir='ltr'>ros</span> <span class='ocrx_word' id='word_1_214' title='bbox 621 2280 697 2308; x_wconf 78' lang='lat' dir='ltr'>EST</span> <span class='ocrx_word' id='word_1_215' title='bbox 746 2270 826 2308; x_wconf 87' lang='lat' dir='ltr'>hoc</span> <span class='ocrx_word' id='word_1_216' title='bbox 873 2269 925 2308; x_wconf 90' lang='lat' dir='ltr'>ad</span> <span class='ocrx_word' id='word_1_217' title='bbox 969 2269 1254 2308; x_wconf 86' lang='lat' dir='ltr'>excitandum</span> <span class='ocrx_word' id='word_1_218' title='bbox 1298 2269 1457 2308; x_wconf 88' lang='lat' dir='ltr'>dicitur</span> <span class='ocrx_word' id='word_1_219' title='bbox 1499 2269 1825 2308; x_wconf 82' lang='lat' dir='ltr'>Phormionem.</span> <span class='ocrx_word' id='word_1_220' title='bbox 1866 2270 1891 2307; x_wconf 87' lang='lat'>4</span> <span class='ocrx_word' id='word_1_221' title='bbox 1924 2277 2030 2314; x_wconf 78' lang='lat' dir='ltr'>Qum</span> <span class='ocrx_word' id='word_1_222' title='bbox 2061 2278 2117 2308; x_wconf 74' lang='lat' dir='ltr'>ru</span> 
     </span>
    </p>
   </div>
   <div class='ocr_carea' id='block_1_12' title="bbox 496 2346 1249 2465">
    <p class='ocr_par' dir='ltr' id='par_1_14' title="bbox 496 2346 1249 2465">
     <span class='ocr_line' id='line_1_33' title="bbox 496 2346 1172 2394; baseline -0.001 -9"><span class='ocrx_word' id='word_1_223' title='bbox 496 2356 580 2385; x_wconf 80' lang='lat' dir='ltr'>Hoc</span> <span class='ocrx_word' id='word_1_224' title='bbox 612 2356 700 2384; x_wconf 77' lang='lat' dir='ltr'>Aen</span> <span class='ocrx_word' id='word_1_225' title='bbox 733 2346 899 2394; x_wconf 87' lang='lat' dir='ltr'>annuit,</span> <span class='ocrx_word' id='word_1_226' title='bbox 935 2347 983 2384; x_wconf 89' lang='lat' dir='ltr'>ut</span> <span class='ocrx_word' id='word_1_227' title='bbox 1015 2346 1172 2384; x_wconf 90' lang='lat' dir='ltr'>taceat.</span> 
     </span>
     <span class='ocr_line' id='line_1_34' title="bbox 668 2420 1249 2465; baseline -0.005 -8"><span class='ocrx_word' id='word_1_228' title='bbox 668 2420 691 2457; x_wconf 90' lang='lat'>5</span> <span class='ocrx_word' id='word_1_229' title='bbox 721 2421 769 2456; x_wconf 90' lang='lat' dir='ltr'>Et</span> <span class='ocrx_word' id='word_1_230' title='bbox 796 2420 997 2465; x_wconf 83' lang='lat' dir='ltr'>significat</span> <span class='ocrx_word' id='word_1_231' title='bbox 1029 2420 1249 2456; x_wconf 89' lang='lat' dir='ltr'>silentium.</span> 
     </span>
    </p>
   </div>
   <div class='ocr_carea' id='block_1_13' title="bbox 489 2492 2117 2990">
    <p class='ocr_par' dir='ltr' id='par_1_15' title="bbox 489 2492 2117 2990">
     <span class='ocr_line' id='line_1_35' title="bbox 560 2492 2117 2541; baseline -0.001 -9"><span class='ocrx_word' id='word_1_232' title='bbox 560 2497 578 2531; x_wconf 84' lang='lat'>1</span> <span class='ocrx_word' id='word_1_233' title='bbox 625 2504 704 2532; x_wconf 81' lang='lat' dir='ltr'>IAM</span> <span class='ocrx_word' id='word_1_234' title='bbox 747 2503 827 2532; x_wconf 76' lang='lat' dir='ltr'>neo</span> <span class='ocrx_word' id='word_1_235' title='bbox 869 2503 990 2532; x_wconf 68' lang='lat' dir='ltr'>Hono</span> <span class='ocrx_word' id='word_1_236' title='bbox 1023 2493 1154 2531; x_wconf 92' lang='lat' dir='ltr'>modo</span> <span class='ocrx_word' id='word_1_237' title='bbox 1188 2494 1305 2532; x_wconf 88' lang='lat' dir='ltr'>‘iam’</span> <span class='ocrx_word' id='word_1_238' title='bbox 1340 2494 1515 2541; x_wconf 90' lang='lat' dir='ltr'>signum</span> <span class='ocrx_word' id='word_1_239' title='bbox 1549 2492 1789 2532; x_wconf 81' lang='lat' dir='ltr'>celeritatis</span> <span class='ocrx_word' id='word_1_240' title='bbox 1822 2494 1902 2531; x_wconf 87' lang='lat' dir='ltr'>est.</span> <span class='ocrx_word' id='word_1_241' title='bbox 1938 2492 1963 2530; x_wconf 88' lang='grc'>2</span> <span class='ocrx_word' id='word_1_242' title='bbox 1995 2501 2117 2530; x_wconf 75' lang='lat' dir='ltr'>mmo</span> 
     </span>
     <span class='ocr_line' id='line_1_36' title="bbox 499 2569 2114 2618; baseline -0.002 -9"><span class='ocrx_word' id='word_1_243' title='bbox 499 2581 598 2609; x_wconf 88' lang='lat' dir='ltr'>cum</span> <span class='ocrx_word' id='word_1_244' title='bbox 634 2572 888 2618; x_wconf 85' lang='lat' dir='ltr'>contemptu</span> <span class='ocrx_word' id='word_1_245' title='bbox 926 2569 1051 2607; x_wconf 83' lang='lat' dir='ltr'>dixit.</span> <span class='ocrx_word' id='word_1_246' title='bbox 1080 2570 1104 2608; x_wconf 84' lang='lat'>3</span> <span class='ocrx_word' id='word_1_247' title='bbox 1134 2579 1330 2610; x_wconf 73' lang='lat' dir='ltr'>AGITABO</span> <span class='ocrx_word' id='word_1_248' title='bbox 1359 2569 1634 2618; x_wconf 89' lang='lat' dir='ltr'>perturbabo.</span> <span class='ocrx_word' id='word_1_249' title='bbox 1664 2571 1689 2608; x_wconf 89' lang='lat'>4</span> <span class='ocrx_word' id='word_1_250' title='bbox 1718 2579 1800 2608; x_wconf 77' lang='lat' dir='ltr'>PRo</span> <span class='ocrx_word' id='word_1_251' title='bbox 1817 2578 1939 2608; x_wconf 63' lang='lat' dir='ltr'>metm</span> <span class='ocrx_word' id='word_1_252' title='bbox 1955 2577 2114 2609; x_wconf 70' lang='lat' dir='ltr'>miron·</span> 
     </span>
     <span class='ocr_line' id='line_1_37' title="bbox 493 2644 2114 2694; baseline -0.001 -9"><span class='ocrx_word' id='word_1_253' title='bbox 493 2656 661 2685; x_wconf 75' lang='lat' dir='ltr'>TALmM</span> <span class='ocrx_word' id='word_1_254' title='bbox 703 2645 895 2692; x_wconf 76' lang='grc' dir='ltr'><em>ἑἈλειψιςε</em></span> <span class='ocrx_word' id='word_1_255' title='bbox 939 2646 1062 2684; x_wconf 89' lang='lat' dir='ltr'>deest</span> <span class='ocrx_word' id='word_1_256' title='bbox 1094 2644 1255 2684; x_wconf 84' lang='lat' dir='ltr'>‘fidem&#39;</span> <span class='ocrx_word' id='word_1_257' title='bbox 1288 2649 1365 2685; x_wconf 89' lang='lat' dir='ltr'>aut</span> <span class='ocrx_word' id='word_1_258' title='bbox 1396 2646 1498 2694; x_wconf 87' lang='lat' dir='ltr'>quid</span> <span class='ocrx_word' id='word_1_259' title='bbox 1533 2646 1633 2693; x_wconf 90' lang='lat' dir='ltr'>tale,</span> <span class='ocrx_word' id='word_1_260' title='bbox 1668 2645 1817 2684; x_wconf 88' lang='lat' dir='ltr'>Cicero</span> <span class='ocrx_word' id='word_1_261' title='bbox 1851 2645 1894 2684; x_wconf 90' lang='lat' dir='ltr'>in</span> <span class='ocrx_word' id='word_1_262' title='bbox 1928 2644 2114 2684; x_wconf 89' lang='lat' dir='ltr'>Oecono-</span> 
     </span>
     <span class='ocr_line' id='line_1_38' title="bbox 498 2720 2115 2770; baseline -0.002 -10"><span class='ocrx_word' id='word_1_263' title='bbox 498 2724 612 2761; x_wconf 89' lang='lat' dir='ltr'>mico</span> <span class='ocrx_word' id='word_1_264' title='bbox 655 2722 719 2762; x_wconf 84' lang='lat' dir='ltr'>(fr.</span> <span class='ocrx_word' id='word_1_265' title='bbox 763 2721 877 2765; x_wconf 79' lang='lat' dir='ltr'>SM.)</span> <span class='ocrx_word' id='word_1_266' title='bbox 920 2721 1035 2770; x_wconf 86' lang='lat' dir='ltr'>‘quid</span> <span class='ocrx_word' id='word_1_267' title='bbox 1079 2722 1224 2770; x_wconf 87' lang='lat' dir='ltr'>igitur,</span> <span class='ocrx_word' id='word_1_268' title='bbox 1269 2732 1345 2770; x_wconf 88' lang='lat' dir='ltr'>pro</span> <span class='ocrx_word' id='word_1_269' title='bbox 1388 2723 1517 2761; x_wconf 87' lang='lat' dir='ltr'>deum</span> <span class='ocrx_word' id='word_1_270' title='bbox 1551 2720 2115 2769; x_wconf 63' lang='lat' dir='ltr'>immortalium-primum</span> 
     </span>
     <span class='ocr_line' id='line_1_39' title="bbox 491 2795 2116 2846; baseline -0.002 -8"><span class='ocrx_word' id='word_1_271' title='bbox 491 2809 588 2838; x_wconf 90' lang='lat' dir='ltr'>eam</span> <span class='ocrx_word' id='word_1_272' title='bbox 623 2798 808 2837; x_wconf 86' lang='lat' dir='ltr'>docebas</span> <span class='ocrx_word' id='word_1_273' title='bbox 840 2807 1002 2846; x_wconf 84' lang='lat' dir='ltr'>quaeso</span> <span class='ocrx_word' id='word_1_274' title='bbox 1014 2798 1048 2835; x_wconf 62' lang='grc' dir='ltr'>’θ’</span> <span class='ocrx_word' id='word_1_275' title='bbox 1084 2799 1107 2836; x_wconf 82' lang='lat'>5</span> <span class='ocrx_word' id='word_1_276' title='bbox 1141 2808 1221 2837; x_wconf 86' lang='lat' dir='ltr'>PRO</span> <span class='ocrx_word' id='word_1_277' title='bbox 1249 2809 1370 2837; x_wconf 78' lang='lat' dir='ltr'>DEUM</span> <span class='ocrx_word' id='word_1_278' title='bbox 1398 2808 1711 2838; x_wconf 74' lang='lat' dir='ltr'>mMORrALmM</span> <span class='ocrx_word' id='word_1_279' title='bbox 1739 2796 1972 2836; x_wconf 88' lang='lat' dir='ltr'>artificiose</span> <span class='ocrx_word' id='word_1_280' title='bbox 1999 2795 2116 2846; x_wconf 88' lang='lat' dir='ltr'>prior</span> 
     </span>
     <span class='ocr_line' id='line_1_40' title="bbox 489 2873 2112 2922; baseline -0.002 -8"><span class='ocrx_word' id='word_1_281' title='bbox 489 2874 725 2922; x_wconf 87' lang='lat' dir='ltr'>exclamat,</span> <span class='ocrx_word' id='word_1_282' title='bbox 762 2876 808 2912; x_wconf 91' lang='lat' dir='ltr'>ut</span> <span class='ocrx_word' id='word_1_283' title='bbox 840 2873 1068 2921; x_wconf 87' lang='lat' dir='ltr'>DemiphO,</span> <span class='ocrx_word' id='word_1_284' title='bbox 1104 2874 1176 2920; x_wconf 87' lang='lat' dir='ltr'>qui</span> <span class='ocrx_word' id='word_1_285' title='bbox 1209 2874 1415 2913; x_wconf 89' lang='lat' dir='ltr'>iniuriam</span> <span class='ocrx_word' id='word_1_286' title='bbox 1449 2883 1608 2922; x_wconf 90' lang='lat' dir='ltr'>passus</span> <span class='ocrx_word' id='word_1_287' title='bbox 1641 2876 1721 2922; x_wconf 89' lang='lat' dir='ltr'>est,</span> <span class='ocrx_word' id='word_1_288' title='bbox 1756 2873 1872 2912; x_wconf 91' lang='lat' dir='ltr'>ultro</span> <span class='ocrx_word' id='word_1_289' title='bbox 1898 2873 2112 2921; x_wconf 88' lang='lat' dir='ltr'>impetum</span> 
     </span>
     <span class='ocr_line' id='line_1_41' title="bbox 495 2950 1036 2990; baseline -0.004 0"><span class='ocrx_word' id='word_1_290' title='bbox 495 2950 796 2990; x_wconf 85' lang='lat' dir='ltr'>accusationis</span> <span class='ocrx_word' id='word_1_291' title='bbox 826 2950 1036 2989; x_wconf 90' lang='lat' dir='ltr'>incurrat.</span> 
     </span>
    </p>
   </div>
   <div class='ocr_carea' id='block_1_14' title="bbox 393 3059 1362 3166">
    <p class='ocr_par' dir='ltr' id='par_1_16' title="bbox 393 3059 1362 3166">
     <span class='ocr_line' id='line_1_42' title="bbox 393 3059 1362 3106; baseline 0.001 -10"><span class='ocrx_word' id='word_1_292' title='bbox 393 3060 417 3103; x_wconf 89' lang='lat' dir='ltr'>l)</span> <span class='ocrx_word' id='word_1_293' title='bbox 444 3060 505 3096; x_wconf 86' lang='lat' dir='ltr'>Sic</span> <span class='ocrx_word' id='word_1_294' title='bbox 530 3060 682 3096; x_wconf 87' lang='lat' dir='ltr'>Wessn.</span> <span class='ocrx_word' id='word_1_295' title='bbox 707 3073 788 3095; x_wconf 89' lang='lat' dir='ltr'>cum</span> <span class='ocrx_word' id='word_1_296' title='bbox 816 3059 1054 3095; x_wconf 69' lang='lat' dir='ltr'>Hartmanno</span> <span class='ocrx_word' id='word_1_297' title='bbox 1079 3073 1145 3105; x_wconf 85' lang='lat' dir='ltr'>pro</span> <span class='ocrx_word' id='word_1_298' title='bbox 1174 3065 1274 3106; x_wconf 82' lang='lat' dir='ltr'>‘post</span> <span class='ocrx_word' id='word_1_299' title='bbox 1298 3062 1362 3097; x_wconf 62' lang='lat' dir='ltr'>sc!</span> 
     </span>
     <span class='ocr_line' id='line_1_43' title="bbox 396 3121 1036 3166; baseline -0.003 -9"><span class='ocrx_word' id='word_1_300' title='bbox 396 3122 421 3164; x_wconf 84' lang='lat'>²)</span> <span class='ocrx_word' id='word_1_301' title='bbox 449 3121 722 3166; x_wconf 86' lang='lat' dir='ltr'>Corrigendum</span> <span class='ocrx_word' id='word_1_302' title='bbox 748 3121 897 3156; x_wconf 83' lang='lat' dir='ltr'>videtur</span> <span class='ocrx_word' id='word_1_303' title='bbox 923 3121 1036 3156; x_wconf 87' lang='lat' dir='ltr'>‘erat’.</span> 
     </span>
    </p>
   </div>
   <div class='ocr_carea' id='block_1_15' title="bbox 2204 588 2215 648">
    <p class='ocr_par' dir='ltr' id='par_1_17' title="bbox 2204 588 2215 648">
     <span class='ocr_line' id='line_1_44' title="bbox 2204 588 2215 648; textangle 90"><span class='ocrx_word' id='word_1_304' title='bbox 2204 588 2215 648; x_wconf 44' lang='lat' dir='ltr'>aa·</span> 
     </span>
    </p>
   </div>
  </div>
 </body>
</html>
