2242 3443
259 228 320 257 ΧΗ
1014 225 1271 253 PRAEFATIO.

258 341 494 387 siunculas,
546 340 748 389 exempla
796 340 980 387 denique
1028 340 1253 378 continent
1303 340 1565 387 importuna,
1615 338 1772 387 futilia,
1822 338 2031 378 Donateis

259 417 436 455 scholiis
470 417 682 465 opposita,
716 416 829 455 falsa
849 413 890 459 ¹).

378 492 649 541 Exempla
690 502 983 541 perperam
1031 492 1293 530 adhibita
1324 492 1438 533 (vide
1467 492 1650 540 praef.1
1677 502 1716 540 p.
1745 491 2028 540 XXDlegun·

248 571 331 607 .tur
372 569 425 607 ad
470 568 549 606 Ad.
584 568 624 607 2.
659 568 728 606 27.
764 568 864 608 256.
899 568 998 607 263.
1033 568 1134 607 458.
1170 569 1269 607 570.
1304 568 1409 607 Hec.
1445 568 1544 607 759.
1580 568 1680 606 779.
1715 567 1894 607 Phorm.
1928 567 2028 606 250.

262 645 360 682 292.
395 644 481 683 358
514 645 565 683 A.
601 644 687 683 635
705 645 770 689 (?).
807 644 906 684 923.

378 720 552 759 Scholia
598 730 673 769 per
719 720 936 759 formulas
982 721 1154 760 non-sed
1200 723 1244 759 et
1285 717 1445 759 rettulit
1486 720 1543 759 ad
1585 720 1700 768 sim.,
1744 729 1853 768 quae
1886 719 2029 758 eidem

261 797 485 844 magistro,
520 796 644 834 cuius
677 795 845 834 scholia
876 796 1090 835 asterisco
1123 797 1327 845 indicavi,
1362 796 1508 835 debita
1538 796 1743 834 videntur
1775 795 1889 836 (vide
1914 794 2032 840 ibid.)

261 872 330 910 hic
362 881 532 919 quoque
565 881 651 910 non
685 871 846 910 desunt
866 867 908 915 2).
944 872 1117 910 Scholia
1149 883 1224 920 per
1256 872 1496 911 formulam
1530 871 1583 910 ab
1615 882 1658 910 eo
1691 871 1801 919 quod
1822 871 2032 920 praecedit

259 949 303 986 id
349 943 459 994 quod
504 947 704 996 sequitur,
749 949 825 986 aut
865 947 918 986 ab
961 958 1003 986 eo
1045 949 1156 996 quod
1191 949 1378 996 sequitur
1420 948 1464 986 id
1501 948 1611 995 quod
1635 947 1847 999 praecedit
1867 942 1896 997 ³)
1933 943 2030 998 (Ad.

261 1023 361 1062 460.
410 1023 510 1062 823.
559 1023 734 1062 Phorm.
785 1022 868 1071 20),
918 1025 967 1061 ut
1009 1025 1053 1062 in
1096 1027 1348 1063 commento
1392 1023 1444 1062 ad
1489 1023 1701 1062 Andriam
1735 1023 1821 1063 (49.
1855 1023 1956 1067 502)
1989 1024 2033 1061 et

261 1099 521 1138 Eunuchum
553 1100 669 1143 (762.
705 1099 804 1138 780.
839 1099 953 1148 973),
988 1109 1075 1138 non
1108 1100 1270 1138 seclusi
1302 1101 1478 1148 propter
1510 1099 1650 1147 ipsam
1685 1098 1937 1148 formulam,
1956 1098 2032 1137 sed

261 1175 362 1222 quia
403 1175 656 1222 ceteroquin
700 1175 862 1214 vitiosa
895 1178 1041 1223 erant;
1077 1175 1277 1214 dubitavi
1310 1175 1414 1214 olim
1448 1175 1500 1214 de
1533 1175 1700 1214 scholio
1732 1174 1786 1213 ad
1817 1175 1898 1214 Ad.
1932 1174 2031 1223 823,

261 1251 333 1289 ubi
380 1260 405 1288 a
451 1249 621 1290 Donato
663 1251 877 1290 insertam
920 1261 1018 1290 esse
1061 1252 1308 1299 credebam,
1351 1251 1428 1290 sed
1470 1251 1508 1289 si
1551 1261 1784 1300 comparas
1815 1250 2030 1290 scholium

260 1328 458 1375 ineptum
499 1326 586 1365 460
603 1337 642 1375 a,
688 1326 824 1365 etiam
855 1326 945 1365 illic
978 1325 1214 1366 formulam
1249 1327 1564 1376 interpolatam
1599 1337 1696 1366 esse
1729 1337 1815 1366 non
1848 1326 2034 1366 dubites.

262 1402 446 1450 Reliqua
485 1402 648 1450 omnia,
692 1402 764 1440 ubi
807 1402 999 1441 formula
1040 1403 1284 1451 adhibetur,
1329 1405 1406 1442 aut
1438 1402 1649 1442 Donateis
1682 1403 1884 1452 opposita
1915 1404 2032 1448 sunt,

263 1481 339 1517 aut
370 1488 444 1527 per
476 1488 523 1516 se
555 1477 669 1516 falsa
702 1479 745 1516 et
775 1478 939 1527 inepta,
974 1480 1022 1517 ut
1054 1480 1097 1517 in
1132 1479 1492 1518 adnotationibus
1527 1479 1668 1518 docui.

383 1553 491 1593 Cum
538 1554 582 1592 in
630 1553 907 1593 Praefatione
947 1555 1091 1604 prima
1133 1566 1172 1604 p.
1218 1555 1298 1594 VII
1341 1556 1462 1595 omni
1505 1555 1803 1604 disputatione
1835 1555 1887 1594 de
1919 1564 2032 1594 com-

262 1630 401 1668 menti
447 1630 612 1677 origine
660 1631 704 1667 et
746 1631 1064 1678 compositione
1106 1632 1149 1669 in
1192 1632 1273 1670 hoe
1314 1631 1424 1670 libro
1465 1631 1688 1670 abstinere
1721 1630 2032 1679 decrevissem,

263 1708 461 1744 mentem
518 1705 703 1754 mutavi,
754 1715 808 1744 ne
860 1707 1087 1755 opiniones
1135 1707 1243 1746 mihi
1293 1708 1582 1756 imputentur,
1633 1717 1742 1755 quas
1789 1716 2033 1755 numquam

265 1783 480 1830 quantum
530 1781 620 1820 scio
662 1781 888 1829 professus
928 1792 1028 1821 sum
1049 1777 1090 1823 ⁴).
1134 1783 1286 1831 Itaque
1329 1783 1430 1831 quid
1475 1783 1527 1822 de
1564 1783 1822 1831 quaestione
1853 1781 2038 1822 obscura

314 1950 336 1993 λ)
362 1949 458 1985 Vide
495 1963 526 1985 e.
559 1963 594 1995 g.
629 1950 677 1986 ad
714 1951 785 1986 Ad.
824 1951 898 1987 163.
930 1952 998 1987 259
1030 1952 1109 1996 (sed
1144 1953 1240 1996 ego).
1273 1951 1350 1987 295.
1381 1952 1460 1989 618.
1491 1953 1569 1988 692.
1593 1952 1678 1993 88ος
1702 1952 1750 1988 ad
1775 1935 1866 1987 Hec.
1889 1951 1945 1987 57.
1969 1950 2035 1986 159

268 2002 494 2047 (exemplum
521 2004 683 2047 falsum).
709 2004 786 2039 263.
810 2004 888 2039 355.
914 2005 991 2040 459.
1018 2005 1102 2046 477;
1127 2006 1175 2040 ad
1200 2005 1350 2041 Phorm.
1375 2006 1429 2040 28.
1456 2006 1532 2041 130.
1560 2006 1634 2040 172.

311 2056 335 2099 2)
363 2057 536 2092 Nou-sed
560 2056 632 2091 Ad.
657 2057 712 2091 74.
735 2057 813 2092 239.
837 2057 915 2093 261.
940 2058 1018 2093 328.
1041 2059 1118 2094 367.
1142 2059 1219 2094 369.
1245 2059 1323 2094 418.
1349 2059 1427 2094 620.
1451 2059 1529 2094 693.
1552 2059 1629 2094 843.
1651 2059 1729 2094 934.
1754 2058 1844 2093 Hec.
1869 2057 1944 2093 136.
1956 2056 2034 2092 377.

265 2107 342 2142 485.
377 2108 526 2143 Phorm.
558 2109 612 2143 47.
637 2109 714 2144 211.
740 2109 817 2144 228.
842 2110 920 2145 341.
944 2111 1022 2146 343.
1047 2111 1114 2146 433
1138 2112 1183 2146 Α.
1209 2112 1384 2148 Rettulit
1410 2114 1467 2148 ad
1491 2113 1575 2147 sim.
1600 2112 1672 2147 Ad.
1695 2112 1751 2147 45.
1774 2111 1830 2146 61.
1858 2110 1933 2145 118.
1956 2110 2034 2146 306.

264 2160 342 2195 391.
365 2161 442 2196 568.
466 2162 544 2196 927.
570 2162 659 2197 Hec.
685 2162 739 2197 43.
767 2162 917 2198 Phorm.
941 2164 997 2198 45.

311 2215 336 2257 ⁸)
362 2215 522 2250 Graece:
561 2220 623 2247 ἀπο
658 2223 713 2248 τοῦ
749 2220 985 2258 προηγουμένου
1019 2220 1053 2249 τὸ
1083 2221 1263 2250 ἀκόλουθον
1296 2220 1333 2252 et
1356 2221 1418 2250 ἀπὸ
1445 2226 1496 2250 τοῦ
1520 2222 1701 2250 ἀκολούθου
1724 2220 1759 2250 τὸ
1784 2222 2034 2260 προηγούμενονς

265 2267 351 2302 vide
383 2267 495 2302 Rhet.
519 2268 582 2303 Gr.
608 2269 653 2303 de
678 2268 809 2315 tropis,
834 2268 978 2314 Speng.
1002 2269 1053 2304 III
1077 2282 1113 2314 p.
1136 2270 1205 2306 310
1229 2272 1266 2305 et
1292 2270 1366 2305 196.
1392 2269 1654 2313 Quintilianus
1677 2270 1710 2304 8.
1733 2270 1766 2305 6.
1792 2269 1853 2305 19:
1878 2280 1897 2306 e
1917 2279 2035 2314 prae-

264 2321 497 2356 cedentibus
529 2323 754 2366 sequentia.
791 2322 945 2357 Scholia
982 2322 1187 2359 Danielina
1222 2324 1269 2359 ad
1308 2324 1403 2359 Aen.
1439 2324 1470 2359 2.
1505 2323 1590 2358 253:
1622 2328 1680 2358 ‘ex
1712 2321 2034 2367 consequentibus

267 2373 414 2418 priora’‚
450 2376 487 2409 et
525 2374 579 2409 sic
614 2374 690 2409 fere
723 2375 756 2410 4.
787 2374 842 2415 44,
875 2376 907 2410 9.
940 2375 1016 2411 489.
1051 2376 1205 2412 Servius
1238 2376 1435 2412 formulam
1460 2377 1662 2412 commenti
1685 2376 1907 2421 plerumque
1930 2387 2035 2411 usur—

267 2426 383 2470 pavit.
409 2426 546 2461 Locum
571 2426 802 2469 Quintiliani
828 2429 948 2464 debeo
972 2428 1194 2470 Wessnero,
1221 2430 1286 2474 qui
1310 2429 1371 2464 l.l.
1395 2442 1430 2474 p.
1453 2430 1542 2465 1235
1562 2429 1849 2468 humanissime,
1867 2430 1908 2464 ut
1921 2427 2036 2464 solet:

267 2478 321 2515 ‘K.
346 2479 494 2514 scheint
519 2479 624 2514 nicht
650 2493 695 2515 zu
720 2481 861 2515 wissen
887 2481 978 2516 dass
1004 2482 1123 2517 sehon
1148 2482 1373 2524 Quintilian’
1400 2484 1469 2517 etc.

308 2532 334 2574 ⁴)
361 2531 586 2568 Wessner
620 2533 679 2567 l.l.
715 2546 750 2578 p.
788 2534 872 2568 1231
913 2534 1004 2569 haec
1036 2535 1210 2580 scripsit:
1242 2535 1311 2571 Die
1344 2535 1538 2571 Tatsache
1571 2535 1662 2570 dass
1691 2535 1826 2570 nicht
1850 2534 2035 2578 wenige

266 2584 493 2620 Scholien
521 2586 596 2620 ein
623 2586 839 2621 falsches
864 2587 1029 2622 lemma
1055 2587 1254 2623 haben..
1270 2615 1277 2622 .
1303 2590 1466 2625 beweist
1486 2588 1594 2629 doch,
1615 2589 1705 2623 dass
1719 2587 2036 2631 sienichtalsge-

265 2637 504 2673 schlossener
524 2638 768 2673 Kommentar
787 2639 1071 2680 fibernommen‚
1093 2641 1258 2676 sondern
1282 2654 1353 2676 von
1374 2642 1448 2677 den
1465 2641 1643 2676 Randern
1656 2640 1761 2676 einer
1772 2639 2035 2675 Terenzhand-

267 2690 401 2726 schrift
426 2693 832 2735 zusammengetragen
860 2693 968 2727 sind.
984 2719 990 2726 .
1006 2719 1013 2726 .
1039 2693 1135 2728 Dein
1159 2706 1195 2738 p.
1222 2694 1325 2729 1232:
1351 2694 1422 2729 Als
1447 2694 1580 2729 zweite
1605 2693 1738 2736 Quelle
1757 2693 1817 2728 ffir
1836 2692 1911 2728 den
1923 2691 2035 2727 Kom-

266 2743 405 2788 pilator
430 2743 579 2779 scheint
604 2744 646 2779 K.
671 2744 782 2779 einen
811 2746 969 2789 Auszug
991 2758 1061 2781 aus
1088 2746 1214 2781 Donat
1238 2747 1469 2787 anzusehen,
1494 2747 1560 2782 der
1583 2746 1644 2782 die
1664 2744 1842 2781 Scholien
1866 2745 1904 2780 in
1927 2744 2036 2780 stark

267 2795 465 2839 geknrzter
488 2797 564 2831 und
590 2799 699 2832 sonst
720 2798 936 2833 entstellter
957 2798 1065 2833 F'orm
1090 2799 1263 2840 enthielt,
1287 2799 1392 2843 (dass
1412 2800 1510 2835 auch
1531 2800 1639 2835 diese
1659 2799 1837 2835 Scholien
1851 2811 1921 2834 aus
1933 2798 2037 2834 einer

267 2847 651 2885 Terenzhandschrilt
682 2852 880 2891 stammen.
912 2851 1036 2895 ergiht
1068 2852 1149 2887 sich
1181 2865 1252 2887 aus
1285 2853 1369 2888 dem
1401 2853 1499 2888 oben
1528 2853 1622 2888 iiber
1644 2852 1704 2888 die
1729 2852 1920 2888 Lemmata
1942 2863 2035 2887 usw.

270 2900 530 2946 Bemerkten);
555 2903 693 2938 anders
720 2903 813 2938 lassi
839 2903 920 2938 sich
946 2904 1028 2939 das
1053 2904 1249 2949 haufige
1273 2906 1332 2940 ‘ad
1357 2906 1568 2952 exemplum
1591 2905 1755 2946 Donati’,
1777 2905 1969 2940 ‘haustum
1989 2916 2035 2939 ex

270 2953 442 2995 Donat0'‚
478 2958 681 3000 ,sumptum
719 2969 750 2990 e.
784 2956 851 2996 D.'‚
888 2957 938 2991 ‘re
971 2957 1094 2993 simile
1122 2957 1240 2993 forma
1267 2959 1481 2999 diversum',
1509 2972 1544 2994 u.
1570 2958 1645 3003 dgl.
1669 2959 1719 2993 im
1744 2957 1911 3002 Anhang
1935 2956 2035 2992 wohl

270 3006 383 3041 kaum
409 3007 612 3043 auffassen.

314 3059 373 3094 Ad
408 3073 452 3095 ea
484 3073 581 3105 quae
613 3061 781 3105 spatiose
813 3062 1058 3106 exprimenda
1091 3064 1217 3099 curavi
1248 3063 1341 3099 haec
1372 3064 1551 3104 observo;
1586 3064 1820 3099 Lemmata
1843 3063 1971 3098 falsa
1995 3063 2034 3098 in

270 3113 326 3147 tot
362 3113 529 3148 millibus
563 3126 665 3148 rara
701 3116 791 3149 sunt
823 3117 859 3149 et
893 3127 1007 3160 saepe
1040 3117 1227 3152 eiusmodi
1252 3119 1294 3152 ut
1317 3130 1384 3162 pro
1409 3118 1583 3153 lemmate
1607 3117 1691 3161 ipso
1716 3116 1830 3152 verba
1852 3115 2036 3161 proxima,
