2242 3443
325 251 415 277 XXI!
1077 247 1329 273 l'RArtlmx'lwtr

316 366 508 413 pondere.
546 365 602 402 De
637 365 701 401 liis
734 363 937 401 omnibus
972 362 1067 400 vide
1097 363 1249 407 etiarn,
1286 371 1394 409 quae
1430 362 1471 399 in
1509 361 1876 400 Adnotaitionihus
1907 362 1996 400 dixi
2029 361 2080 400 ad

322 441 531 479 Andriam
568 441 635 478 49.
675 440 769 478 132.
806 439 903 476 279.
938 437 1046 483 600;
1081 437 1132 475 ad
1168 436 1424 475 Eunuchum
1461 437 1528 475 54.
1564 437 1633 476 67.
1671 438 1768 477 762.

439 516 641 554 Ceterum
660 514 881 553 subscribo
901 514 974 562 iis,
1001 523 1112 560 quae
1140 512 1478 551 Wessnerus
1507 513 1650 560 posuit
1678 514 1720 552 in
1749 523 1934 552 censura
1950 523 2084 562 supra

321 594 455 631 allata
489 603 527 641 p.
566 594 698 630 1404:
736 593 758 630 ‘.
781 591 938 629 ..aber
969 590 1086 629 diese
1120 589 1326 637 (gewisse
1355 588 1573 628 Kriterien
1602 599 1678 628 zur
1705 589 1965 638 Scheidung)
1993 599 2082 628 ver-

321 679 453 716 sagen
488 669 529 706 in
563 678 638 716 gar
672 668 884 706 manchen
919 666 1066 704 Fallen
1101 665 1188 704 und
1221 665 1336 704 dann
1370 665 1479 704 wird
1509 666 1577 705 die
1604 665 1933 714 Entscheidung
1959 670 2084 705 mehr

319 746 420 784 oder
463 745 652 792 weniger
695 743 932 791 subjektiv,
978 742 1064 780 und
1106 742 1325 780 Irrtumer
1357 742 1457 781 sind
1488 741 1622 782 leicht
1654 742 1874 791 moglich‘,
1907 743 1952 780 et
1984 751 2085 781 mea

319 820 429 862 facio
463 821 791 860 Sabbadinii
827 819 956 857 verba
988 818 1124 860 (Stud.
1154 817 1252 857 Ital.
1282 818 1345 857 III
1373 818 1488 859 346).
1519 818 1588 858 ‘Se
1615 819 1674 857 mi
1704 829 1812 858 sono
1827 818 2081 867 ingannato,

322 899 347 937 il
383 898 538 936 lettore
572 897 627 935 ha
658 897 729 944 qui
762 896 867 934 tutti
899 895 955 943 gli
990 894 1197 933 elementi
1229 904 1305 943 per
1336 894 1466 934 rifare
1499 895 1554 934 da
1587 896 1632 934 se
1664 895 1694 933 il
1726 895 1905 934 lavoro’.

439 973 730 1012 Wessneri
764 973 935 1010 textum
969 981 1038 1009 me
1067 980 1217 1019 presse
1244 972 1449 1010 secutum
1478 981 1576 1010 esse
1602 972 1677 1010 vix
1700 973 1767 1010 est
1785 971 1896 1019 quod
1915 971 2083 1018 dicam;

319 1051 593 1088 coniecturas
640 1049 690 1087 de
738 1048 844 1087 locis
891 1047 1032 1086 dubiis
1080 1049 1156 1085 aut
1203 1057 1274 1086 me
1316 1047 1457 1087 iudice
1500 1048 1716 1096 corruptis
1759 1057 1882 1086 raras
1923 1047 2085 1096 protuli

322 1132 364 1164 et
407 1126 519 1164 infra
564 1128 737 1163 textum
782 1124 985 1162 indicavi.
1030 1123 1264 1162 Lemmata
1305 1124 1492 1172 repetita
1533 1133 1869 1171 nonnumquam
1910 1123 2088 1163 brevius

321 1201 483 1249 rettuli,
526 1201 789 1249 scriptorum
823 1199 1042 1248 exempla,
1072 1198 1145 1238 ubi
1173 1198 1280 1238 utile
1308 1199 1550 1249 videbatur,
1581 1200 1767 1248 plenius.
1795 1199 1891 1238 Hac
1921 1209 2010 1238 una
2040 1199 2086 1238 in

322 1287 365 1316 re
399 1280 550 1316 textus
583 1277 815 1324 aliquoties
848 1286 872 1314 a
905 1275 1216 1314 Wessneriano
1245 1275 1400 1325 differt,
1429 1276 1543 1324 quod
1570 1285 1887 1324 saepenumero
1919 1274 2087 1314 scholia

322 1353 519 1391 Donatea
559 1353 611 1391 ab
651 1353 724 1392 illo
758 1353 956 1391 numeris
988 1356 1032 1391 et
1064 1352 1230 1391 maiore
1265 1352 1619 1401 interpunctione
1652 1351 1889 1400 disiuncta,
1921 1350 2085 1390 leviore

322 1429 600 1468 distinctione
634 1429 857 1477 coniunxi,
891 1429 1007 1468 unde
1038 1428 1182 1467 multa
1212 1428 1381 1468 scholia
1411 1428 1609 1477 longiora
1636 1429 1885 1467 evaserunt.

442 1505 504 1543 Ab
538 1506 741 1543 instituta
772 1505 901 1544 huius
933 1505 1076 1553 operis
1112 1505 1283 1544 ratione
1319 1504 1432 1545 (vide
1458 1515 1498 1553 p.
1526 1506 1602 1546 vri)
1630 1503 1826 1543 alienum
1853 1505 1923 1543 est
1946 1503 2081 1552 inqui·

320 1592 412 1620 rere
449 1592 532 1630 quo
564 1582 748 1620 consilio
780 1582 993 1628 quibusve
1025 1581 1259 1620 lectoribus
1291 1580 1489 1619 Donatus
1521 1580 1603 1620 hoc
1634 1581 1937 1619 commentum
1970 1589 2082 1619 com·

321 1658 526 1706 posuerit.
575 1657 666 1696 Hoc
713 1660 887 1696 tantum
936 1657 1146 1696 affirmari
1187 1658 1284 1696 tuto
1326 1658 1492 1706 potest,
1534 1656 1702 1696 scholia
1742 1655 1991 1704 frequentia
2030 1655 2084 1695 de

319 1734 667 1781 pronuntiatione
699 1736 743 1772 et
774 1734 825 1773 de
853 1735 980 1782 gestu
1008 1733 1219 1781 vultuque
1246 1742 1335 1771 non
1361 1734 1544 1771 exarata
1572 1742 1670 1771 esse
1696 1732 1741 1771 in
1762 1741 1894 1771 usum
1911 1731 2085 1771 histrio·

321 1819 438 1858 num,
478 1810 555 1848 sed
590 1820 754 1857 eorum,
792 1810 864 1857 qui
898 1809 979 1847 has
1012 1808 1183 1847 fabulas
1217 1808 1424 1857 privatim
1457 1809 1501 1846 in
1534 1807 1699 1847 scholis
1730 1809 1807 1847 aut
1837 1807 2010 1856 publice
2041 1807 2085 1847 in

321 1885 549 1924 auditoriis
590 1886 774 1924 recitare
807 1887 1016 1933 cuperent
1040 1882 1081 1926 ¹).
1115 1885 1316 1924 Donatus
1348 1885 1392 1923 in
1424 1884 1493 1922 his
1525 1883 1704 1923 scholiis
1736 1893 1824 1923 non
1855 1872 2088 1933 usurpavit

323 1961 453 1999 verba
494 1962 741 2000 recitare
785 1964 861 2000 aut
902 1961 1248 2008 declamare,
1287 1960 1362 1999 sed
1400 1960 1774 2008 pronuntiare
1803 1961 1846 1998 et
1872 1969 2086 1999 nonnum·

412 2166 435 2207 ¹)
463 2165 523 2199 Sic
549 2165 659 2200 etiam
688 2165 727 2200 C.
752 2164 869 2200 Sitti
896 2164 934 2200 in
959 2164 1054 2199 libro
1078 2164 1160 2199 ‘Die
1181 2163 1381 2199 Gebarden
1402 2163 1468 2198 der
1486 2162 1672 2198 Griechen
1695 2162 1772 2197 und
1793 2161 2086 2207 Romer’p.203:

324 2217 447 2252 Donat
482 2218 645 2254 schreibt
680 2218 761 2253 also
798 2218 921 2254 weder
951 2217 1009 2252 fiir
1041 2216 1310 2261 Schauspieler
1340 2216 1439 2251 noch
1472 2216 1569 2251 nach
1600 2215 1813 2255 Komikern,
1838 2214 2003 2250 sondern
2029 2214 2086 2250 als

323 2268 515 2303 Professor
549 2269 612 2303 der
648 2269 843 2310 Rhetorik,
880 2268 1049 2304 weshalb
1085 2281 1125 2303 er
1159 2268 1255 2303 auch
1293 2268 1385 2304 fiber
1419 2269 1480 2304 die
1517 2268 1642 2304 Miene
1677 2267 1939 2303 Vorschrissen
1970 2268 2086 2313 giebt‚

323 2321 460 2356 welche
483 2321 577 2356 doch
599 2322 656 2356 fiir
676 2323 735 2356 die
761 2321 1130 2365 maskentragenden
1156 2321 1424 2366 Schauspieler
1443 2321 1583 2356 keinen
1596 2320 1730 2356 Werth
1753 2321 1896 2356 hatten.
1911 2320 2085 2356 Ceterum

323 2373 506 2408 Donatum
544 2375 581 2409 in
607 2377 830 2412 ⁴commento
865 2374 1090 2419 professoris
1119 2374 1213 2409 artis
1247 2375 1455 2410 rhetoricae
1479 2376 1608 2419 partes
1633 2374 1834 2418 praecipue
1860 2373 1997 2418 egisse,
2021 2387 2086 2410 cur

320 2439 392 2461 non
428 2427 585 2467 credam,
623 2440 668 2462 ex
704 2430 782 2463 tota
820 2428 1052 2471 praefatione
1083 2427 1178 2462 satis
1209 2428 1398 2472 apparuit.
1432 2427 1536 2470 Quae
1566 2427 1678 2474 paulo
1711 2430 1800 2463 aute
1836 2427 2085 2472 praecedunt:

326 2479 497 2514 Benannt
533 2480 618 2515 sind
655 2480 714 2515 die
751 2480 928 2516 Scholien
962 2481 1107 2516 treilich
1141 2481 1237 2516 nach
1273 2481 1456 2520 Donatus,
1489 2481 1578 2516 aber
1610 2481 1791 2523 offenbar,
1817 2481 1886 2516 wie
1909 2479 2086 2516 ahnliche

323 2533 604 2576 Sammlungen,
630 2534 807 2578 Ausziige
834 2546 902 2568 aus
930 2533 1222 2569 Kommentaren
1249 2534 1538 2570 verschiedener
1565 2534 1770 2574 Verfasser,
1791 2535 1970 2569 darunter
1989 2533 2085 2569 auch

323 2586 389 2620 des
415 2586 598 2625 Donatus,
623 2599 733 2630 quam
765 2598 859 2629 vaga
883 2589 920 2621 et
943 2599 1076 2630 parum
1099 2586 1264 2622 efficacia
1289 2590 1390 2626 sunt,
1417 2587 1540 2622 dicere
1564 2599 1640 2621 non
1666 2599 1762 2630 opus
1788 2588 1858 2621 est.

412 2638 507 2673 Vide
532 2639 577 2673 de
601 2639 668 2673 hac
692 2652 728 2673 re
755 2639 1016 2674 Catharine
1038 2639 1281 2674 Saunders
1306 2639 1431 2675 Amer.
1456 2639 1534 2674 J-o.
1561 2638 1629 2674 Ph.
1655 2639 1751 2679 1911,
1772 2652 1807 2684 p.
1825 2639 1871 2674 58
1891 2633 1985 2684 sqq„
2005 2638 2087 2675 The

323 2692 577 2726 introduction
604 2692 641 2726 of
665 2693 792 2727 masks
817 2705 864 2728 on
890 2693 953 2727 the
979 2692 1126 2728 Roman
1155 2695 1275 2737 stage.
1310 2693 1402 2728 Sero
1428 2693 1588 2738 cognovi
1614 2692 1920 2728 dissertationem
1946 2706 1979 2727 v.
2004 2693 2087 2728 doc·

325 2744 460 2779 tissimi
486 2744 517 2778 J.
543 2744 601 2779 W.
629 2744 822 2785 Basore,
847 2745 928 2780 The
954 2745 1099 2781 scholia
1123 2758 1171 2780 on
1196 2745 1422 2791 Hypocrisis
1447 2746 1503 2788 ist.
1528 2746 1566 2781 C.
1591 2745 1632 2780 of
1653 2745 1748 2780 Don.
1771 2745 1973 2781 Baltimore
1988 2746 2086 2781 1908.

325 2796 445 2841 Negat
477 2797 540 2832 ille
571 2798 661 2832 haec
694 2798 837 2834 scholia
873 2798 1083 2834 fabularum
1116 2799 1375 2834 recitationem
1415 2800 1562 2833 tantum
1596 2800 1779 2842 spectare,
1813 2800 1927 2843 atque
1959 2799 2087 2834 inesse

325 2850 529 2888 contendit.
563 2863 658 2894 quae
689 2852 874 2886 actionem
909 2852 1120 2886 scaenicam
1153 2851 1371 2895 respiciant.
1404 2851 1457 2886 Ex
1484 2850 1608 2885 verbis
1634 2851 1716 2885 eius
1740 2864 1775 2896 p.
1799 2851 1838 2887 9:
1863 2851 1906 2886 ‘it
1929 2863 2016 2896 may
2039 2851 2086 2887 be

324 2902 526 2937 concluded
562 2904 644 2938 that
671 2917 746 2948 any
778 2905 913 2948 theory
944 2905 1072 2940 which
1103 2905 1217 2940 seeks
1248 2907 1287 2939 to
1312 2904 1447 2948 assign
1472 2907 1510 2939 to
1537 2904 1601 2939 the
1624 2905 1780 2940 scholia
1805 2917 1852 2939 on
1878 2909 2041 2948 ὑπόκρισις
2063 2917 2086 2940 a

327 2954 483 2990 uniform
511 2969 673 3003 purpose
698 2960 799 2992 must
819 2958 948 3001 ignore
974 2957 1038 2992 the
1064 2957 1191 2992 varied
1216 2959 1337 2992 strata
1361 2957 1484 2992 which
1513 2959 1620 2992 enter
1642 2956 1722 2992 into
1747 2958 1812 2992 the
1833 2957 2086 3002 composition

326 3007 367 3040 of
394 3007 456 3041 the
488 3012 742 3053 vommentary
766 3009 839 3044 and
865 3009 928 3044 the
954 3010 1131 3045 different
1155 3010 1306 3054 periods
1332 3009 1373 3044 of
1393 3009 1516 3044 which
1542 3009 1650 3044 these
1676 3023 1761 3054 may
1785 3010 1831 3045 be
1854 3013 2086 3054 representa-

327 3059 412 3093 tirey
442 3080 477 3083 -*—
502 3064 659 3105 apparet
683 3062 764 3097 eius
789 3062 1006 3106 opinionem
1031 3063 1076 3097 de
1102 3063 1164 3098 his
1189 3062 1347 3098 scholiis
1369 3065 1449 3097 arte
1474 3063 1671 3097 cohaerere
1692 3075 1775 3097 cum
1798 3063 2024 3107 quaestione
2038 3063 2084 3099 de

325 3113 522 3147 commenti
545 3114 688 3158 origine
713 3117 749 3149 et
773 3115 1056 3159 compositione,
1081 3117 1187 3150 extra
1212 3127 1331 3150 meam
1356 3115 1589 3160 provinciam
1615 3127 1714 3150 nunc
1738 3116 1876 3160 posita.
