2242 3443
334 211 526 239 Anmfflffl
685 206 688 209 ’
1171 204 1257 242 810

440 334 671 370 synonyma
718 326 870 361 habuit.
916 325 1064 361 Dubito
1109 335 1205 361 num
1251 326 1325 361 hoc
1373 326 1571 362 scholium
1616 327 1774 363 Donato
1821 327 2104 372 imputandum

440 386 504 421 sit.
535 386 669 422 Kauei·
695 391 820 423 recte:
853 388 940 421 boni
967 396 1045 422 van
1078 386 1232 423 Herzen
1265 389 1350 431 gut,
1378 388 1547 423 liberalis
1572 388 1610 423 in
1637 388 1760 432 Folge
1781 389 2104 435 derErziehung.

335 445 412 482 466
495 446 518 482 2
547 448 592 483 cs.
622 448 710 485 573.
742 448 776 485 3.
810 449 908 484 Eun.
941 448 1031 486 328.
1116 447 1190 485 467
1222 449 1331 484 hem
1363 450 1409 485 ad
1442 448 1530 486 260.
1566 450 1600 485 7.

335 507 412 543 468
495 509 519 544 2
549 510 664 546 iuxta
696 511 795 549 Don.
824 510 846 546 3
877 512 918 546 et
948 512 1052 545 satis
1082 511 1282 555 ineptum.

334 569 410 606 470
492 572 515 608 2
555 574 763 609 semirhet.
805 573 969 617 Donati,
1010 573 1055 608 cf.
1096 572 1187 609 471.
1229 573 1264 608 2.
1306 573 1400 609 Hec.
1443 572 1529 609 139.
1641 574 1664 610 4
1695 575 1853 611 Donato
1891 575 1985 611 dare
2024 584 2103 612 non

440 643 566 670 ausus
596 645 687 671 sum
718 635 914 671 scholium
948 635 1144 680 ineptum,
1175 635 1221 670 cf.
1253 634 1342 671 394.
1374 635 1408 670 4.

336 694 407 730 471
494 695 518 731 2
565 707 635 741 pro
690 699 827 742 ‘supra
879 696 1030 732 future’
1083 696 1341 733 coniecerunt
1397 696 1569 741 Wieling
1611 698 1810 742 probante
1851 698 2107 735 Hartmanno

439 758 544 801 ‘quid
586 769 660 794 sua
698 759 987 804 persuasione’,
1025 758 1180 795 Schoell
1216 759 1383 794 ‘inscius
1414 758 1573 794 futurae
1607 759 1689 805 rei‘,
1721 760 1944 796 Dzi-Kauer
1972 760 2108 805 ‘super

440 830 480 855 re
514 820 661 856 futura'
693 823 732 856 et
763 821 968 866 Wessner,
999 821 1065 864 qui
1092 821 1139 856 ad
1166 820 1239 856 loci
1264 821 1510 856 sententiam
1537 821 1711 857 fortasse
1730 822 1911 866 proxime
1925 823 2108 869 accessit,

439 886 671 926 ·supe1·atus
702 883 862 918 furore'.
895 882 918 918 2
946 893 970 917 α
999 883 1051 918 ‘et
1081 882 1176 926 quia
1205 882 1306 926 sqq.'
1331 883 1655 919 additamentum
1680 883 1864 928 ineptum
1889 894 1940 921 ex
1965 883 2053 921 470.
2070 885 2107 922 2.

439 943 462 979 3
493 944 594 980 rhet.
706 944 783 981 472
816 945 833 980 1
866 945 913 981 ad
944 944 1043 980 Eun.
1077 943 1140 980 49.
1171 943 1208 980 3.

332 1004 409 1041 474
495 1006 512 1041 1
543 1017 567 1041 α
597 1006 795 1051 ‘ignotum
825 1010 888 1042 est
913 1004 1014 1050 sqq.'
1040 1006 1136 1041 nihil
1164 1006 1296 1050 magis
1324 1005 1494 1042 falsum:
1520 1006 1778 1051 ‘ignotumst'
1803 1008 1892 1052 quis
1908 1008 2107 1053 virginem

441 1067 641 1114 vitiasset,
686 1069 868 1105 ‘tacitum
909 1071 949 1104 et
989 1068 1186 1104 creditum
1225 1068 1303 1105 est’
1332 1069 1438 1112 quod
1468 1068 1697 1104 Aeschinus
1726 1071 1917 1107 narrabat
1946 1081 1990 1107 se
2017 1081 2109 1108 esse

439 1131 648 1166 auctorem
702 1130 886 1175 sceleris;
941 1132 988 1166 de
1040 1130 1114 1166 hoc
1165 1130 1386 1166 scholiasta
1429 1130 1590 1175 ineptas
1633 1131 1849 1168 verborum
1891 1132 2109 1170 relationes

439 1194 668 1237 aucupante
715 1193 803 1229 vide
845 1194 893 1228 ad
936 1192 999 1229 45.
1039 1192 1075 1237 3,
1106 1191 1168 1228 61.
1207 1192 1243 1237 3,
1283 1194 1323 1228 et
1361 1193 1452 1228 adn.
1490 1193 1538 1228 ad
1578 1193 1654 1228 An.
1685 1192 1773 1229 279.
1805 1194 1904 1230 Eun.
1936 1194 1998 1231 54.

441 1254 462 1288 :3
501 1264 524 1288 α
562 1254 615 1290 ‘et
658 1256 869 1299 praeterea
911 1255 1011 1298 sqq.’
1050 1263 1130 1289 non
1175 1254 1379 1290 Donatum
1420 1254 1520 1290 haec
1552 1254 1849 1299 interposuisse
1887 1258 1999 1302 puto,
2037 1257 2107 1294 sed

439 1314 549 1351 illum
588 1316 654 1360 qui
692 1317 731 1352 in
769 1316 926 1362 spurcis
965 1316 1085 1352 rebus
1122 1315 1294 1351 libenter
1327 1317 1530 1361 versatur,
1559 1317 1607 1352 de
1636 1326 1715 1360 quo
1745 1318 1834 1354 vide
1863 1319 1911 1354 ad
1939 1319 2014 1354 An.
2045 1317 2108 1364 90,

443 1377 508 1412 ubi
537 1379 676 1414 tamen
708 1388 905 1414 numerus
934 1377 1116 1414 Eunuchi
1147 1376 1223 1414 585
1254 1378 1449 1413 delendus
1478 1378 1555 1414 est.

336 1438 412 1475 476
499 1439 516 1474 1
556 1439 671 1475 iuxta
704 1441 804 1476 Don.
846 1440 883 1485 3,
921 1441 1045 1476 verba
1082 1440 1267 1475 ardentia
1296 1439 1360 1475 hic
1393 1449 1475 1475 non
1507 1442 1617 1475 sunt.
1703 1440 1726 1476 2
1755 1441 1857 1477 rhet.
1941 1441 1964 1478 7
1992 1442 2109 1478 iuxta

442 1501 540 1536 Don.
572 1501 608 1547 5,
640 1502 729 1539 vide
759 1504 848 1539 adn.
878 1504 927 1539 ad
955 1502 1044 1538 272,
1157 1502 1231 1538 477
1265 1502 1288 1538 2
1319 1502 1508 1537 otiosum.

336 1562 412 1599 478
495 1563 519 1599 2
556 1573 581 1598 α
622 1565 943 1601 additamentnm
986 1564 1257 1608 rhetoricum
1302 1564 1355 1600 ‘et
1401 1564 1624 1609 praeterea’
1664 1566 1709 1600 ut
1747 1563 1786 1599 in
1816 1563 1946 1610 474.3,
1978 1564 2108 1602 608.4.

442 1625 465 1661 3
496 1635 521 1659 α
549 1626 874 1664 additamentum
905 1626 1142 1670 languidum
1172 1635 1243 1670 per
1272 1635 1398 1661 nam.

335 1687 412 1724 480
494 1687 644 1725 scholio
682 1690 826 1726 Donati
865 1689 889 1725 2
928 1688 1047 1733 (quod
1085 1688 1264 1724 laudav1t
1297 1688 1421 1723 etiam
1460 1687 1610 1729 Kauer)
1640 1689 1858 1732 opponitur
1887 1689 1963 1725 alia
1989 1689 2110 1726 inter-

442 1752 613 1795 pretatio
643 1753 680 1788 in
712 1752 735 1789 3
766 1753 866 1788 satis
896 1752 1016 1796 longe
1046 1752 1242 1795 quaesita.
1274 1751 1478 1786 Scholium
1509 1750 1532 1786 5
1562 1760 1641 1786 non
1667 1749 1843 1786 multum
1867 1748 1998 1784 differt
2023 1758 2046 1785 a
2069 1749 2106 1786 4.

441 1812 655 1856 Quaeritur
696 1824 746 1850 an
791 1815 948 1850 Donato
985 1813 1109 1849 etiam
1148 1813 1271 1849 tribui
1301 1813 1431 1857 possit
1461 1812 1623 1848 initium
1651 1811 1791 1848 scholii
1818 1811 1856 1856 4,
1885 1811 1991 1854 quod
2020 1813 2107 1847 tum
2179 1799 2231 1830 ’ἶ

439 1884 510 1919 pro
553 1875 870 1920 amplificatione
908 1875 1139 1911 habendum
1177 1874 1253 1910 erit
1291 1874 1430 1910 scholii
1468 1873 1503 1909 2.
1537 1874 1668 1918 Igitur
1698 1872 1917 1918 proscripsi
1945 1873 2106 1908 tantum

441 1935 464 1972 3
507 1937 547 1971 et
590 1936 624 1972 5.
669 1937 710 1973 Si
752 1937 887 1973 animo
929 1936 1182 1981 indulgerem
1227 1936 1385 1971 Donato
1427 1935 1646 1971 retinerem
1691 1934 1975 1987 tantummodo
2013 1934 2037 1970 2
2065 1936 2106 1971 et

440 1998 674 2043 exemplum
712 1998 865 2035 Afranii
902 1998 942 2034 in
977 1998 1022 2043 43
1061 2008 1155 2034 nam
1195 1998 1212 2032 1
1244 2007 1403 2042 quoque
1436 1997 1515 2034 olet
1543 1997 1872 2042 ludimagistrum
1901 1996 2105 2034 leviorem.

335 2060 411 2096 481
498 2059 517 2094 1
550 2060 625 2095 An.
658 2058 746 2096 608.
778 2060 811 2096 1.

331 2121 406 2157 482
491 2120 515 2156 2
545 2121 604 2156 ‘ut
632 2121 762 2158 multa
790 2121 996 2157 videretur
1024 2120 1166 2156 dicere'
1197 2121 1242 2156 cf.
1269 2120 1314 2156 cf.
1342 2119 1430 2156 470.
1457 2119 1493 2166 3,
1520 2119 1607 2157 876.
1634 2119 1671 2156 3.
1755 2120 1779 2156 4
1803 2120 1928 2157 schol.
1945 2130 2105 2166 suspec-

440 2183 528 2218 tum
557 2182 705 2227 quippe
735 2184 855 2219 nimis
888 2183 1133 2227 speciosum.

334 2244 411 2281 483
498 2244 517 2280 1
549 2254 574 2279 α
605 2243 709 2281 rhet.
792 2244 815 2280 3
846 2254 926 2280 non
957 2243 1065 2280 valet
1095 2245 1141 2280 de
1171 2244 1209 2280 h.
1228 2244 1251 2279 l.
1285 2245 1326 2280 et
1355 2245 1513 2288 pugnat
1543 2253 1632 2280 cum
1665 2242 1700 2279 2.

334 2306 408 2342 487
497 2307 515 2342 1
548 2305 593 2342 cf.
625 2306 701 2341 An.
731 2306 854 2351 praef.
890 2308 924 2343 1.
955 2305 991 2342 9.
1021 2308 1062 2342 et
1092 2307 1140 2341 ad
1171 2316 1207 2342 v.
1239 2305 1326 2352 473,
1359 2306 1394 2342 1.
1425 2305 1460 2341 2.

330 2367 407 2403 488
491 2376 515 2401 α
543 2367 703 2411 rogatio
734 2368 857 2403 nimis
887 2367 1030 2412 lepida.
1121 2367 1196 2403 491
1229 2367 1252 2404 3
1282 2367 1328 2403 cf.
1359 2366 1449 2403 928.

328 2429 406 2466 493
489 2428 513 2464 2
556 2429 680 2465 schol.
725 2429 827 2465 rhet.
872 2431 1088 2465 obscurum
1126 2433 1166 2465 et
1205 2432 1330 2465 mirae
1368 2429 1582 2465 latinitatis
1595 2441 1604 2474 ;
1644 2430 1828 2465 Donatus
1866 2430 1906 2465 in
1940 2429 1964 2466 3
1996 2431 2036 2466 et
2061 2430 2102 2465 in

436 2490 524 2526 494.
559 2491 577 2526 1
609 2491 725 2527 aliter
753 2491 934 2535 loquitur
963 2492 1010 2527 de
1040 2491 1237 2536 Hegionis
1267 2491 1515 2528 defensione.

331 2552 408 2589 494
494 2551 513 2587 1
545 2553 898 2589 semirhetoricum
928 2553 1087 2599 Donati,
1118 2555 1163 2589 ut
1192 2563 1289 2590 mox
1318 2553 1408 2590 496.
1439 2553 1475 2590 2.
1561 2552 1584 2589 3
1614 2553 1718 2590 rhet.
1747 2561 1854 2596 mag.
1971 2596 1981 2601 -

333 2614 410 2651 499
491 2613 516 2649 2
555 2613 682 2650 Varro
720 2614 745 2653 1.
770 2615 792 2650 1.
824 2615 859 2651 6.
891 2614 960 2651 69:
997 2614 1272 2659 ‘spondere
1303 2617 1367 2652 est
1398 2615 1527 2652 dicere
1556 2616 1738 2660 spondeo
1767 2624 1790 2650 a
1819 2615 1980 2660 sponte,
2008 2622 2102 2649 nam

438 2676 473 2711 id
518 2675 624 2712 valet
669 2686 692 2712 a
735 2676 948 2713 voluntate
989 2677 1090 2720 sqq.’
1136 2677 1206 2713 72:
1248 2677 1283 2713 ‘a
1320 2687 1401 2722 qua
1440 2678 1587 2723 sponte
1627 2677 1756 2713 dicere
1785 2675 2103 2720 respondere

436 2747 594 2781 quoque
623 2738 826 2784 dixerunt,
856 2748 947 2774 cum
977 2739 1025 2774 ad
1056 2740 1245 2782 spontem
1277 2739 1582 2784 responderent,
1610 2739 1648 2774 id
1679 2740 1744 2774 est
1771 2739 1819 2773 ad
1849 2737 2101 2774 voluntatem

438 2799 664 2843 rogatoris’.
710 2799 858 2836 Festus
903 2810 939 2844 p.
979 2798 1070 2836 343.
1112 2799 1178 2835 34:
1210 2800 1422 2844 ‘spondere
1451 2802 1574 2836 antea
1603 2801 1831 2844 ponebatur
1861 2809 1932 2844 pro
1962 2798 2101 2842 dicere,

440 2861 545 2897 unde
581 2862 621 2897 et
659 2862 904 2906 respondere
941 2861 1071 2897 adhuc
1100 2862 1249 2897 manet'
1334 2861 1358 2898 2
1386 2872 1410 2897 α
1441 2861 1686 2898 Wessnerus
1716 2861 1915 2898 emblema
1943 2859 2102 2896 notavit

438 2922 530 2958 inde
572 2932 595 2958 a
637 2922 789 2958 verbis:
836 2923 885 2958 ‘id
928 2924 993 2958 est
1033 2922 1224 2967 fundere’,
1269 2933 1343 2967 ego
1382 2923 1506 2959 adieci
1543 2923 1665 2959 etiam
1705 2933 1807 2968 quae
1835 2922 2099 2968 praecedunt:

437 2984 565 3028 ‘quasi
609 2984 822 3029 spondere'
866 2983 926 3027 (cf.
969 2993 1050 3020 var.
1094 2983 1212 3030 lect.),
1250 2985 1348 3021 haec
1384 2985 1493 3021 enim
1523 2985 1590 3020 vix
1620 2985 1823 3029 pertinere
1852 2984 2029 3029 possunt
2053 2983 2101 3019 ad

439 3046 584 3081 Donati
626 3045 838 3090 scholium,
881 3047 922 3082 et
965 3046 1150 3090 magistri
1194 3049 1333 3082 amant
1376 3047 1651 3083 additamenta
1687 3057 1758 3092 per
1790 3045 1946 3092 quasi,
1975 3045 2022 3083 cf.
2050 3044 2098 3080 ad

441 3107 517 3143 An.
548 3106 638 3153 249,
668 3107 757 3153 306,
788 3107 878 3154 344,
907 3106 985 3144 476
1013 3108 1089 3146 etc.
