2242 3443
390 269 397 296 1
408 269 428 295 V
1145 262 1403 293 PRAEFATIO.

388 386 556 431 purtem
605 381 823 429 pertinent
871 379 922 417 ad
971 388 1131 426 genera
1172 378 1194 416 b
1238 381 1280 416 et
1313 389 1332 416 c
1357 375 1398 421 ¹).
1433 376 1607 416 Scholia
1638 378 1767 427 primi
1802 379 1976 427 generis
2007 389 2034 417 α
2065 377 2148 426 ple-

388 467 570 504 rumque
618 457 805 504 genuina
849 465 942 493 esse
986 454 1111 493 modo
1156 454 1260 493 dixi.
1307 453 1449 493 Etiam
1493 464 1543 493 ea
1584 455 1763 503 scholia,
1797 465 1908 503 quae
1941 454 2153 503 descripsi

388 535 466 573 sub
510 533 702 572 numeris
744 543 761 570 ε
789 534 810 579 s
839 542 865 580 9
890 531 932 578 h,
978 529 1108 578 vulgo
1153 540 1238 568 non
1281 532 1348 568 est
1390 539 1466 568 cur
1508 540 1533 568 a
1574 528 1743 569 Donato
1783 529 2088 569 abiudicemus
2108 526 2152 574 2).

389 610 561 648 Scholia
603 609 654 647 de
693 609 871 656 tropis
905 610 947 645 et
980 606 1187 654 figuris
1221 606 1263 644 in
1291 615 1481 645 excursu
1509 605 1562 645 ad
1591 605 1754 645 calcem
1783 607 1914 645 huius
1947 605 2154 645 editionis

389 685 705 724 tractabuntur.

507 760 565 799 De
608 759 849 799 scholiis
892 758 1204 797 rhetoricis
1247 757 1513 806 peculiarem
1556 757 1911 807 disquisitionem
1953 757 2059 797 olim
2091 757 2151 795 in·

388 839 509 877 stitui
555 840 596 876 in
640 836 948 882 Mnemosynes
991 834 1214 874 volumine
1257 835 1327 873 32.
1376 835 1458 874 125
1501 846 1593 884 sqq.
1637 839 1681 875 et
1724 836 1810 876 229
1848 845 1955 883 sqq.,
1991 834 2064 873 ubi
2096 844 2153 873 ex

389 914 566 953 scholiis
614 922 759 952 mere
807 911 1118 972 rhetoricis
1165 911 1439 959 paucissima
1480 914 1656 951 tantum
1699 911 1868 950 Donato
1900 911 1992 950 dari
2024 920 2152 959 posse

389 989 700 1037 demonstravi,
734 988 889 1036 quippe
923 988 990 1025 cui
1018 997 1067 1025 ea
1094 988 1270 1026 tantum
1298 987 1573 1027 concedenda
1600 989 1707 1037 sint,
1737 998 1847 1036 quae
1870 986 2005 1026 simul
2022 986 2151 1026 inter-

390 1066 621 1113 pretationi
654 1064 897 1103 inserviant
917 1059 957 1108 ³).

509 1139 989 1188 Gerstenbergius
1030 1139 1096 1184 (de
1138 1139 1264 1188 Eugr.
1308 1139 1402 1179 Ter.
1448 1141 1686 1189 interprete
1733 1140 1860 1185 1886)
1894 1150 1934 1189 p.
1968 1140 2023 1178 64
2056 1148 2151 1187 sqq.

391 1221 540 1255 contra
587 1216 895 1255 Usenerum
943 1215 1145 1264 probavit
1190 1215 1413 1255 Donatum
1460 1215 1634 1256 Terenti
1681 1215 1850 1255 fabulas
1898 1217 2152 1255 commento

390 1293 603 1331 rhetorico
636 1292 838 1331 continuo
871 1301 956 1330 non
989 1302 1186 1341 ornasse,
1221 1292 1324 1340 quin
1358 1292 1493 1331 etiam
1526 1293 1748 1332 rhetorem
1782 1301 1883 1331 eum
1916 1291 2053 1331 fuisse
2085 1291 2153 1330 ad·

392 1369 560 1407 dubitat
594 1374 647 1417 (p.
682 1369 773 1416 76);
809 1368 984 1407 etiamsi
1015 1370 1289 1417 postremum
1323 1368 1404 1408 hoc
1429 1369 1578 1418 mitto,
1608 1369 1659 1408 de
1686 1379 1770 1417 quo
1793 1368 1920 1408 aliter
1941 1367 2151 1406 iudicavit
2198 1354 2204 1359 ’

392 1444 531 1483 Sabb
550 1445 701 1484 adini
734 1445 822 1489 (1.1.
857 1444 919 1483 ΙΙΙ
951 1444 1035 1484 337
1071 1448 1170 1494 sq),
1203 1446 1354 1484 tamen
1387 1454 1566 1494 prorsus
1593 1445 1631 1484 ei
1659 1445 1876 1484 assentior
1901 1445 1946 1483 in
1971 1444 2026 1483 iis
2042 1453 2151 1492 quae

398 1520 555 1560 ibidem
589 1520 835 1560 subiunxit:
873 1521 986 1560 ‘eum
1020 1520 1272 1567 (Donatum)
1303 1521 1418 1560 sicut
1449 1531 1622 1570 omnes,
1655 1521 1728 1570 qui
1760 1520 1848 1560 illis
1878 1520 2151 1570 temporibus

397 1606 471 1645 pro
516 1597 620 1635 viris
662 1596 801 1635 doctis
843 1596 992 1636 haberi
1026 1597 1261 1646 voluerint,
1296 1597 1545 1636 studiorum
1576 1597 1893 1636 rhetoricorum
1925 1597 2042 1636 haud
2074 1597 2152 1635 im·

391 1673 577 1720 peritum
610 1672 745 1712 fuisse
778 1673 1078 1722 concedimus,
1112 1675 1162 1713 ut
1192 1674 1236 1712 in
1270 1674 1601 1713 commentariis
1634 1674 1686 1713 de
1717 1673 1910 1713 Terentii
1941 1674 2036 1712 arte
2062 1682 2153 1713 ora·

392 1748 502 1786 toria
534 1747 604 1786 hic
634 1747 723 1787 illic
754 1759 829 1797 per
861 1749 1136 1788 occasionem
1171 1748 1306 1788 verba
1335 1749 1498 1799 facere,
1531 1759 1618 1789 non
1651 1750 2022 1789 commentarium
2049 1749 2152 1788 scri-

393 1825 489 1862 bere
531 1824 746 1863 voluerit'.
789 1824 882 1864 Duo
915 1827 1017 1865 sunt
1048 1825 1133 1864 loci
1165 1826 1209 1864 in
1241 1827 1505 1875 commento,
1537 1826 1611 1874 qui
1642 1826 1899 1875 ostendunt,
1930 1825 2151 1864 Donatum

391 1899 433 1937 in
481 1899 563 1938 hoc
609 1899 716 1939 libro
763 1901 953 1940 rhetoris
996 1904 1144 1950 partes
1186 1911 1241 1940 ex
1282 1901 1479 1951 professo
1513 1912 1642 1951 agere
1673 1901 1885 1950 noluisse,
1918 1889 1961 1940 in
1994 1901 2152 1950 quibus

392 1984 547 2023 nempe
589 1977 868 2023 quaestiones
911 1978 964 2017 ad
1006 1978 1213 2017 intimam
1246 1978 1360 2017 hanc
1393 1980 1532 2017 artem
1563 1977 1836 2027 pertinentes
1867 1977 1931 2016 ita
1962 1987 2151 2016 comme-

391 2052 550 2099 morat,
595 2054 643 2090 ut
685 2055 852 2092 certum
885 2053 936 2092 de
970 2054 1039 2092 his
1071 2054 1201 2093 rebus
1233 2054 1442 2093 iudicium
1476 2054 1560 2093 sibi
1593 2064 1676 2093 non
1712 2055 1903 2102 arroget,
1938 2053 2014 2092 sed
2045 2054 2153 2103 ipsis

390 2126 635 2165 rhetoribus
676 2127 913 2178 relinquat,
956 2139 1141 2177 quorum
1179 2130 1406 2179 opiniones
1447 2131 1621 2168 tantum
1664 2129 1808 2168 refert.
1851 2129 2059 2178 Legimus
2099 2130 2152 2169 ad

391 2203 496 2243 Eun.
529 2206 634 2244 144:
665 2204 714 2242 ‘N
718 2215 771 2243 on
790 2205 1068 2253 indiligenter
1086 2206 1477 2245 consideraverunt
1493 2206 1607 2245 hanc
1623 2206 1872 2245 meretricis
1888 2206 2152 2255 orationem,

392 2281 462 2327 qui
495 2276 614 2319 illam
647 2281 788 2320 instar
819 2282 1144 2321 controversiae
1177 2282 1444 2321 rettulerunt
1475 2283 1616 2329 cett.’;
1650 2282 1704 2321 ad
1734 2282 1911 2322 Phorm.
1944 2282 2052 2322 348:
2088 2282 2151 2321 ‘In

389 2356 470 2394 hac
517 2366 691 2405 scaena,
738 2360 786 2396 ut
827 2358 1076 2397 rhetoribus
1120 2357 1283 2407 placet,
1330 2357 1464 2397 veluti
1506 2357 1719 2406 quaedam
1753 2359 2052 2398 controversia
2083 2361 2152 2398 est

389 2433 505 2472 cett.’
541 2431 609 2476 (cf.
642 2432 724 2471 Mn.
759 2433 819 2474 l.l.
858 2433 940 2473 126
975 2436 1018 2472 et
1055 2434 1138 2473 140
1172 2437 1267 2482 sq).

508 2508 555 2546 In
596 2509 872 2548 secernendis
913 2510 1093 2548 scholiis
1127 2510 1238 2550 hanc
1271 2511 1390 2549 viam
1421 2511 1600 2549 secutus
1631 2507 1802 2555 sumz4)
1845 2509 1954 2549 Cum
1981 2513 2152 2550 constet

391 2583 608 2621 Aelium
650 2583 926 2624 Donatum
970 2588 1270 2625 commentum
1313 2585 1576 2635 condidisse,
1621 2586 1769 2625 omnia
1805 2586 1844 2625 ei
1881 2586 2048 2626 scholia
2080 2587 2150 2626 ad-

483 2712 504 2753 ¹)
531 2710 610 2746 Hae
647 2711 719 2746 duo
755 2713 901 2757 species
939 2713 1051 2758 longe
1085 2713 1287 2749 maximam
1312 2714 1515 2749 commenti
1539 2715 1684 2761 partem
1710 2712 1896 2748 obtinent.
1921 2713 2149 2759 Interpre-

392 2764 543 2798 tativa
567 2764 722 2805 scholia,
747 2768 787 2800 ut
814 2769 1112 2802 consentaneum
1141 2769 1212 2807 est,
1238 2766 1546 2811 frequentissima
1571 2768 1679 2806 sunt;
1705 2778 1749 2801 ex
1772 2778 1909 2810 genere
1933 2778 2149 2810 gramma-

392 2816 484 2850 tico
510 2818 545 2851 et
571 2818 888 2862 etymologieo
915 2821 952 2854 et
976 2819 1350 2864 semasiologico
1375 2820 1422 2854 ad
1448 2819 1633 2854 ducentos
1657 2831 1789 2854 versus
1815 2819 1957 2863 primos
1981 2819 2147 2855 Andriae

393 2870 582 2904 numeravi
607 2869 672 2905 XC
697 2873 733 2905 et
758 2871 991 2907 differentias
1015 2871 1097 2912 XX,
1124 2872 1296 2907 Eunuchi
1320 2871 1348 2906 L
1371 2871 1535 2918 amplius
1557 2873 1596 2907 et
1619 2871 1850 2907 differentias
1872 2871 1935 2906 III.

479 2922 504 2962 ²)
529 2921 681 2957 Scholia
705 2923 752 2958 ad
777 2925 894 2959 Andr.
918 2925 984 2960 204
1007 2925 1177 2961 indicant
1201 2926 1496 2970 fragmentorum
1522 2923 1747 2960 Graecorum
1761 2924 1889 2969 plures
1902 2924 2148 2960 fontesexsti-

392 2972 494 3012 tisse,
518 2986 674 3017 quorum
700 2988 814 3011 unum
841 2979 987 3012 tantum
1013 2978 1162 3013 rettulit
1184 2978 1369 3013 Donatus.

479 3025 504 3068 ³)
532 3025 625 3062 Vide
650 3029 762 3063 etiam
789 3029 885 3064 infra
908 3030 1066 3074 primam
1091 3031 1381 3066 adnotationem
1406 3030 1454 3066 ad
1477 3030 1661 3066 Andriam
1688 3030 1734 3066 de
1758 3029 1914 3066 scholiis
1937 3030 2147 3066 rhetoricis.

480 3079 504 3120 4)
530 3080 648 3114 Aem.
681 3080 883 3116 Thomas
915 3082 937 3116 1.
973 3083 996 3117 Ι.
1026 3096 1060 3128 p.
1092 3084 1158 3119 416
1182 3084 1228 3119 de
1253 3084 1482 3120 scholiorum
1506 3083 1694 3119 divisione
1717 3084 1922 3128 prudenter
1947 3083 2147 3129 appropin-

392 3131 543 3176 quanda
579 3132 631 3167 sic
667 3133 894 3178 disputavit:
931 3135 1273 3177 ‘Provisoirement,
1310 3137 1335 3172 il
1368 3139 1458 3173 vaut
1490 3137 1615 3173 mieux
1645 3149 1826 3173 renoncer
1848 3139 1870 3172 a
1894 3149 1957 3173 ces
1980 3136 2147 3173 them-ies
