2242 3443
130 285 329 321 festivitas
358 286 525 321 facilitas
556 286 596 321 E.
630 285 740 322 1048.

128 346 257 382 festus
287 347 370 382 dies
401 347 573 382 hominis
602 348 642 381 Ε.
671 346 760 382 560.

128 408 225 443 fides
256 409 326 443 Ad.
361 407 446 452 161,
477 408 735 443 taciturnitas
764 409 809 443 A.
841 407 902 443 34.

129 468 254 504 fidelis
302 469 402 504 fidus
433 472 479 505 A.
515 468 602 505 460.
633 469 681 504 H.
714 468 776 506 59.
810 469 877 504 Ph.
910 469 971 506 76.

128 529 172 563 fit
200 530 368 574 fingitur
396 531 600 566 invenitur
630 532 676 566 A.
707 529 795 566 334.

128 591 323 634 flagitium
353 592 514 627 flamma
542 592 696 636 flagella
721 592 760 626 E.
788 590 876 626 382.
902 591 970 626 Ad.

185 652 268 688 101.
303 652 389 688 176.

128 713 301 757 flamma,
331 723 351 748 e
379 714 420 748 ss.
448 716 583 757 petere
612 714 741 749 cibum
773 714 812 749 Ε.
843 714 931 749 491.

129 773 236 809 flocci
263 775 389 810 facere
418 774 460 810 E.
491 774 579 811 303.

129 834 415 871 formidulosus
444 836 488 874 E.
516 836 602 872 756.

128 896 267 932 fornus
299 907 395 932 —nax
425 907 531 942 -ceps
562 908 640 933 ·ma
670 899 737 934 Ph.
774 898 857 934 107.

128 956 260 993 forum
290 958 349 993 uti
377 959 461 994 foro
489 959 558 994 Ph.
589 959 649 995 79.

127 1018 284 1054 fructus
314 1019 469 1056 frumen
501 1020 571 1055 Ph.
602 1020 687 1057 332.

126 1078 231 1123 frugi
261 1080 301 1114 E.
333 1079 420 1117 608.
451 1081 539 1117 816.

126 1140 283 1177 frumen
315 1142 356 1177 Ε.
387 1142 473 1178 816,
505 1144 578 1181 Ad.
606 1143 693 1180 950.

126 1202 212 1237 fuat
239 1202 288 1238 H.
319 1203 407 1239 610.

127 1263 260 1299 fucum
291 1264 418 1300 facere
446 1265 487 1300 E.
520 1265 608 1302 589.

126 1324 248 1360 (unus
279 1327 495 1369 exsequiae
525 1330 599 1363 etc.
630 1329 675 1362 A.
709 1327 780 1363 115
828 1328 910 1364 127.

127 1386 287 1422 furcifer
316 1388 363 1422 A.
395 1387 480 1423 618.

127 1447 222 1482 furti
251 1458 295 1484 se
324 1448 461 1492 alligat
491 1449 519 1484 E
563 1449 650 1486 809.

127 1508 241 1544 futile
270 1511 316 1545 A.
349 1509 436 1546 609.

527 1626 578 1666 G.

124 1719 274 1762 gallina
302 1721 443 1756 cecinit
470 1721 540 1757 Ph.
573 1722 660 1759 708.

124 1790 298 1824 ganeum
327 1783 401 1818 Ad.
431 1783 519 1819 359.

124 1843 298 1886 gaudere
326 1845 520 1887 gratulari
548 1849 596 1883 A.
625 1846 713 1883 946.

124 1903 287 1946 genium
316 1905 547 1943 defraudare
576 1908 646 1943 Ph.
681 1910 743 1945 44.

125 1974 254 2007 genus
281 1965 432 2003 familia
460 1970 531 2004 Ad.
563 1968 650 2006 297.
680 1997 684 2000 -

125 2027 276 2069 gestire
305 2028 375 2063 Ph.
407 2028 495 2065 260.

125 2089 288 2131 grandis
319 2090 391 2124 -ior
419 2092 467 2127 A.
493 2091 581 2127 814.
599 2093 669 2127 Ad.
688 2093 776 2129 673.
794 2096 863 2131 1³11.
881 2096 969 2133 362.

125 2150 256 2192 gratia
284 2160 407 2186 causa
434 2153 480 2187 A.
511 2152 599 2189 433.
630 2154 716 2190 587.

125 2211 322 2254 gratulari
350 2221 464 2248 cacc.
496 2216 535 2250 et
566 2215 645 2251 dat.
676 2217 716 2252 E.
749 2217 837 2255 259.

125 2271 260 2314 gravis
286 2272 336 2308 H.
368 2273 456 2309 759.

126 2342 227 2376 grex
256 2336 352 2373 ordo
380 2337 453 2371 Ad.
483 2336 570 2373 362.

521 2467 577 2507 fl.

123 2551 272 2588 habere
301 2554 371 2590 ·eri
401 2556 505 2591 coire
535 2557 608 2593 Ad.
642 2557 728 2594 179.
759 2559 848 2599 389.

125 2612 248 2649 habes
276 2614 478 2660 intellegis
508 2618 549 2652 E.
581 2618 670 2654 401.
701 2618 789 2655 406.

124 2674 247 2710 habet
274 2675 348 2712 hoc
375 2679 422 2712 A.
455 2678 516 2715 63.

126 2736 299 2772 habitior
327 2740 440 2774 -tudo
470 2740 596 2776 -bilior
624 2741 667 2776 Ε.
698 2741 785 2777 315.

125 2797 303 2834 hariolus
333 2810 355 2835 a
384 2800 456 2836 fari
485 2801 554 2836 Ph.
586 2802 673 2838 708.

126 2859 333 2904 haruspex
362 2862 410 2896 ab
439 2861 580 2906 hariga
608 2864 649 2898 E.
680 2863 768 2900 307.
798 2865 866 2900 Ph.
885 2866 971 2901 710.

125 2920 218 2956 hem
246 2923 294 2957 A.
329 2922 403 2958 184
430 2925 503 2958 etc.
534 2923 579 2958 cf.
610 2925 747 2960 adnot.

126 2981 211 3017 heri
238 2982 334 3018 here
361 2985 452 3019 sim.
483 2984 552 3020 Ph.
584 2985 645 3021 36.

125 3044 227 3080 heus
256 3044 359 3080 heus
387 3046 435 3081 A.
467 3045 554 3081 636.
584 3047 656 3082 Ad.
687 3046 775 3084 281.

965 162 1049 199 345

1042 283 1151 319 hisce
1182 292 1253 327 pro
1283 283 1321 317 hi
1354 284 1392 317 Ε.
1424 282 1509 317 269.

1043 345 1158 380 hodie
1188 345 1234 379 A.
1267 343 1351 379 196.
1382 342 1469 379 348.
1496 344 1775 380 Ad.215.570.
1796 346 1880 379 660.

1042 406 1161 441 homo
1187 405 1346 449 comice,
1378 413 1519 439 servus
1550 405 1585 439 11.
1606 405 1672 439 Ρ11.
1693 405 1776 441 123.
1795 405 1881 441 292.

1042 467 1190 511 hymen
1222 467 1472 509 hymenaeus
1503 467 1573 500 Ad.
1603 465 1689 501 904.

1447 573 1483 611 1.

1042 654 1052 688 i
1081 663 1175 698 prae
1204 655 1249 688 A.
1284 653 1368 688 171.
1399 654 1470 687 Ad.
1504 652 1587 688 167.

1042 716 1121 750 iam
1151 716 1224 749 Ad.
1258 714 1343 749 175.
1375 713 1450 749 589
1476 717 1549 749 etc.

1072 805 1087 822 „
1149 776 1235 812 iiico
1268 778 1312 812 A.
1342 775 1429 811 514.
1458 776 1529 810 Ad.
1563 775 1647 811 156.

1040 837 1272 873 iamdudum
1303 837 1343 871 Ε.
1370 835 1459 872 448.
1493 836 1580 872 734.

1041 899 1078 933 id
1109 899 1157 934 ob
1184 898 1222 933 id
1253 899 1292 933 E.
1323 897 1411 933 223.
1442 899 1513 932 Ad.
1546 897 1632 933 791.
1663 901 1733 933 etc.

1041 960 1209 996 idoneus
1239 960 1285 994 A.
1316 959 1405 994 757.

1041 1023 1216 1065 ignavus
1246 1022 1291 1056 A.
1319 1020 1406 1056 277.

1042 1083 1251 1127 ignoratur
1275 1091 1353 1117 non
1384 1081 1618 1125 agnoscitur
1647 1081 1714 1116 Ph.
1741 1081 1828 1117 357.

1041 1145 1130 1180 ilico
1158 1145 1204 1179 A.
1235 1143 1324 1179 514.
1356 1144 1427 1177 Ad.
1462 1142 1545 1178 156.

1042 1205 1285 1241 illiberaliter
1312 1206 1385 1239 Ad.
1417 1203 1504 1239 664.
1535 1204 1604 1239 Ph.
1635 1203 1722 1239 371.

1041 1267 1258 1311 impeditus
1288 1268 1333 1301 A.
1371 1266 1458 1301 617.

1042 1329 1260 1373 impetrare
1289 1330 1449 1371 patrare
1476 1326 1527 1361 H.
1556 1326 1643 1363 729.

1040 1389 1252 1434 implorare
1280 1389 1354 1424 Ad.
1385 1387 1473 1424 489.

1041 1449 1330 1495 importunitas
1360 1450 1406 1484 A.
1438 1448 1526 1485 231.

1040 1513 1254 1557 impressio
1284 1512 1357 1547 Ad.
1383 1510 1470 1547 302.

1040 1574 1275 1618 imprudens
1316 1573 1483 1616 ignarus
1514 1571 1693 1615 gnaritas
1725 1571 1765 1605 E.
1798 1569 1881 1606 136.

1039 1634 1230 1679 impulsio
1254 1635 1327 1669 Ad.
1357 1632 1447 1669 470.
1472 1633 1521 1668 H.
1555 1631 1639 1668 139.

1040 1697 1226 1740 impurus
1255 1696 1329 1731 Ad.
1364 1694 1448 1731 183.
1475 1693 1563 1731 360.
1594 1694 1634 1728 Ε.
1665 1692 1750 1729 235.

1039 1757 1314 1802 impurissime
1354 1755 1651 1800 improbissime
1693 1755 1765 1790 Ad.
1794 1754 1879 1790 282.

1094 1819 1162 1855 Ph.
1191 1817 1280 1855 372.

1041 1882 1078 1915 in
1109 1880 1238 1916 medio
1269 1881 1377 1914 stare
1405 1878 1454 1913 H.
1480 1877 1567 1914 620.

1057 1969 1073 1987 „
1106 1951 1277 1977 nervum
1306 1940 1479 1984 erumpit
1510 1939 1577 1973 Ph.
1613 1937 1701 1974 325.
1732 1937 1819 1973 696.

1058 2031 1074 2049 ,‚
1106 2012 1191 2039 rem
1221 2004 1284 2038 est
1313 2002 1362 2037 H.
1395 2000 1479 2036 102.

1038 2065 1211 2109 incipere
1241 2064 1383 2107 -ceptio
1413 2064 1458 2097 A.
1490 2060 1576 2097 285.

1038 2127 1212 2170 incipere
1241 2125 1368 2161 facere
1397 2124 1439 2159 E.
1467 2123 1552 2159 967.
1589 2121 1699 2159 1025.
1716 2122 1787 2157 Ad.
1807 2121 1882 2157 237

1094 2187 1153 2229 (cf.
1179 2186 1253 2222 327
1285 2190 1392 2227 occ).
1421 2185 1491 2220 Ph.
1523 2184 1610 2220 225.

1038 2249 1267 2293 incogitans
1298 2247 1367 2282 Ph.
1402 2246 1487 2282 155.

1039 2311 1214 2346 indicare
1242 2309 1421 2345 confiteri
1450 2308 1523 2342 Ad.
1553 2307 1588 2342 4.
1617 2307 1658 2341 E.
1685 2305 1771 2342 713.

1039 2373 1227 2407 inducere
1255 2372 1302 2406 A.
1332 2369 1420 2405 399.
1450 2368 1495 2404 cf.
1526 2368 1758 2404 concludere

1040 2433 1218 2468 indutiae
1247 2433 1285 2466 in
1316 2432 1399 2466 dies
1428 2432 1555 2466 otium
1586 2430 1626 2465 E.
1658 2428 1719 2465 60.

1040 2495 1222 2539 ineptum
1252 2493 1474 2529 absurdum
1504 2493 1577 2526 Ad.
1608 2490 1695 2527 375.

1125 2583 1141 2601 „
1251 2554 1398 2589 falsum
1430 2554 1479 2591 A.
1506 2553 1594 2596 257,
1621 2552 1666 2588 cf.
1684 2551 1718 2588 8.
1736 2551 1777 2588 E.
1798 2550 1882 2587 104.

1041 2617 1214 2662 ineptire
1243 2617 1317 2651 Ad.
1346 2614 1435 2651 934.

1041 2678 1225 2723 ingratiis
1256 2678 1297 2712 E.
1330 2676 1416 2713 220.

1041 2740 1303 2776 inhonestum
1342 2738 1500 2773 foedum
1527 2737 1567 2770 Ε.
1598 2735 1684 2772 357.
1717 2735 1761 2771 ct.
1795 2734 1881 2770 230.

1041 2802 1140 2837 inire
1170 2800 1341 2845 gratiam
1372 2799 1419 2833 ab
1449 2798 1491 2833 E.
1522 2798 1607 2833 557.

1041 2864 1200 2899 initiare
1229 2860 1299 2896 Ph.
1329 2860 1391 2896 49.

1041 2925 1178 2961 111111ᾱο
1207 2925 1259 2967 te,
1288 2922 1327 2958 in
1357 2924 1396 2957 te
1426 2923 1471 2956 A.
1504 2920 1590 2956 758.

1042 2987 1214 3022 inscitus
1243 2984 1369 3020 scitus
1394 2984 1440 3018 A.
1471 2982 1558 3018 486.
1589 2981 1637 3016 H.
1667 2981 1754 3017 740.

1039 3046 1276 3083 insimulare
1306 3045 1400 3081 -atio
1428 3044 1499 3080 Ph.
1530 3043 1617 3080 359.
