2242 3443
1148 199 1233 237 348

307 321 451 363 pudere
482 321 614 364 pigere
645 324 716 357 Ad.
748 322 817 358 391

308 383 430 424 pudor
462 383 581 417 timor
611 386 850 418 verecundia
880 386 923 418 A.
957 383 1042 419 634.
1061 384 1149 421 637.

308 443 413 487 pugil
446 453 582 488 pugna
611 454 772 488 pugnus
806 447 875 479 Ad.
910 445 994 480 171.
1022 445 1070 479 H.
1089 444 1151 481 33.

309 505 428 548 pulpa
457 506 560 548 quod
591 506 776 550 pulsetur
810 507 854 541 ll.
893 508 972 541 141.

310 576 478 609 purgare
507 577 700 603 exossare
731 571 801 603 Ad.
832 568 919 603 379.

307 635 447 672 putare
465 631 544 664 -tor
558 631 603 664 A.
622 629 706 665 113.
724 630 810 665 442.
831 630 976 665 Ad.43.
990 629 1050 665 99.
1066 629 1153 665 796.

309 786 385 817 qua
415 778 486 811 Ad.
517 776 604 813 690.
641 777 687 812 H.
718 777 805 813 360.

309 838 609 882 quadrupedem
640 840 922 881 constringere
953 842 997 874 A.
1029 838 1117 875 955.

311 908 504 941 quaerere
535 899 649 935 *itare
679 902 724 935 A.
757 900 818 936 75.

312 970 430 1002 quam
463 965 566 998 viam
599 971 677 1005 qua
701 963 763 996 via
790 963 974 997 insistam
1007 962 1043 996 Ε.
1070 962 1158 998 294.

312 1032 413 1064 queo
443 1034 566 1067 queor
596 1024 644 1059 H.
674 1023 764 1061 572.

313 1085 378 1126 qui
408 1086 496 1120 adv.
528 1086 597 1121 Ph.
631 1085 716 1122 123.
751 1084 821 1120 129
851 1095 910 1128 sq.

314 1145 404 1188 quid
436 1147 570 1190 agitur
600 1148 640 1182 E.
673 1147 760 1185 271.

314 1208 405 1249 quid
438 1212 601 1252 propter
631 1209 722 1252 quid
753 1210 798 1243 A.
830 1208 918 1244 340.
950 1208 996 1243 cf.
1025 1210 1142 1252 quod.

315 1269 449 1310 quidni
480 1270 520 1305 E.
553 1269 642 1306 328.
674 1269 762 1305 674.

315 1331 409 1373 quin
443 1331 482 1366 E.
513 1331 601 1368 811.
634 1333 707 1366 Ad.
739 1331 827 1367 543.

320 1391 502 1434 quiritari
531 1393 604 1428 Ad.
637 1392 722 1429 155.

321 1463 399 1496 quo
429 1463 563 1489 minus
594 1455 697 1498 quod
729 1464 781 1489 m.
814 1457 859 1490 A.
891 1454 979 1491 655.

321 1516 510 1557 quoniam
539 1518 611 1551 Ad.
647 1516 678 1552 1.

322 1578 426 1620 quod
465 1580 627 1622 propter
659 1579 762 1621 quod
793 1580 866 1613 etc.
898 1580 944 1612 A.
976 1577 1064 1614 289.
1095 1577 1171 1613 556

379 1639 450 1675 157
484 1649 515 1674 c.
545 1641 634 1674 adn.
666 1642 739 1674 Ad.
770 1639 857 1676 253.
890 1639 976 1675 256.
1009 1639 1056 1674 H.
1083 1638 1171 1674 276.

324 1703 427 1743 quod
459 1701 582 1736 sciam
614 1703 686 1737 Ad.
719 1702 806 1738 641.

325 1763 428 1806 quod
459 1763 492 1797 si
524 1763 571 1798 H.
602 1763 689 1800 519.

327 1910 458 1954 raptio
489 1914 569 1946 -tus
601 1911 708 1955 -pinzi
737 1913 810 1948 Ad.
841 1910 927 1946 356.

328 1972 491 2007 reddere
516 1973 731 2008 restituere
750 1973 788 2007 E.
811 1972 895 2007 147.
915 1972 1001 2008 746.
1020 1972 1068 2006 ii.
1088 1971 1175 2007 819.

330 2033 456 2069 redire
487 2034 534 2069 ad
564 2044 607 2070 se
637 2036 683 2070 A.
715 2034 801 2070 622.

331 2095 508 2130 refellere
537 2095 608 2130 Ph.
644 2095 729 2132 132.
760 2096 850 2132 401.

332 2166 395 2192 res
426 2167 593 2200 pecunia
627 2158 699 2193 Ad.
730 2157 806 2194 820
838 2160 912 2192 etc.

333 2228 396 2252 res
425 2220 522 2253 redit
556 2219 626 2256 Ph.
657 2217 718 2254 56.
752 2222 755 2223 ’

333 2280 550 2315 rescribere
601 2290 669 2324 per
722 2291 888 2316 mensae
939 2281 1180 2324 scripturam

389 2341 459 2376 Ph.
489 2341 578 2378 922.

335 2403 534 2448 respicere
563 2405 608 2439 A.
639 2404 729 2441 975.

336 2466 576 2510 respondere
606 2468 805 2511 spondere
834 2467 906 2501 Ad.
936 2467 1023 2502 499.

338 2526 495 2562 rettulit
524 2528 636 2572 parvi
667 2528 736 2564 Ph.
769 2528 856 2564 646.

340 2597 410 2624 rex
439 2588 508 2624 Ph.
538 2588 627 2625 338.

341 2650 443 2694 ringi
474 2649 543 2685 Ph.
573 2649 661 2686 341.

342 2710 479 2746 rivalis
508 2711 549 2746 E.
584 2712 694 2747 1072.

343 2783 457 2809 ruere
486 2774 558 2808 Ad.
590 2773 678 2808 319.
709 2772 797 2809 550.

344 2845 505 2870 rursum
534 2844 720 2879 prorsum
740 2844 859 2878 prosa
875 2836 920 2868 A.
938 2833 1025 2869 510.
1043 2832 1085 2867 Ε.
1104 2832 1190 2868 306.

398 2896 485 2932 712.
523 2898 594 2931 Ad.
626 2896 686 2932 71.
717 2896 766 2931 H.
799 2895 887 2931 315.

748 2972 789 3010 S.

349 3046 539 3082 sacellum
569 3054 682 3080 sacra
711 3044 809 3079 cella
837 3044 909 3078 Ad.
939 3041 1027 3078 576.

349 3108 494 3143 saltem
521 3107 697 3142 salutem
724 3108 769 3140 A.
797 3104 884 3141 313.
913 3102 1002 3140 394.
1020 3103 1091 3138 Ad.
1110 3100 1197 3138 249.

1220 324 1387 357 sanctus
1419 323 1490 358 Ad.
1520 323 1608 358 899.

1222 393 1319 418 sane
1336 385 1382 418 A.
1404 383 1488 419 195.
1507 383 1594 419 229.
1611 385 1700 421 848.
1722 386 1789 418 Ad.
1810 383 1898 420 580.
1915 383 1965 419 H.
1980 382 2067 419 459.

1221 445 1346 480 satias
1378 445 1417 480 E.
1449 444 1537 480 973.

1222 507 1329 542 satin
1360 506 1472 541 salve
1501 507 1540 541 E.
1572 507 1658 543 978.

1222 570 1337 603 satur
1366 574 1471 603 -tura
1500 568 1548 603 H.
1582 568 1670 605 769.

1222 629 1696 665 scelestus—rosus-ratus
1727 630 1767 665 E.
1798 630 1886 666 643.

1223 691 1376 726 scimus
1406 700 1464 726 re-
1494 691 1542 726 H.
1578 691 1662 728 189.
1693 691 1781 735 285.
1811 691 1902 728 519.
1932 690 2020 728 868.

1224 752 1352 788 scitus
1383 754 1430 788 A.
1459 752 1548 790 486.
1579 753 1627 788 Η.
1660 753 1747 789 740.

1225 816 1405 850 scortum
1435 815 1475 849 E.
1506 815 1595 851 424.

1226 876 1443 921 scrupulus
1474 878 1518 912 A.
1550 877 1640 914 940.

1227 938 1374 973 sectari
1404 937 1474 973 Ph.
1505 938 1566 974 86.

1229 999 1366 1035 sedulo
1404 1001 1448 1034 A.
1484 1000 1568 1036 146.
1600 999 1688 1035 672.
1717 999 1758 1035 Ε.
1794 998 1880 1036 138.
1913 999 1986 1034 Ad.
2018 996 2080 1034 50.

1285 1061 1373 1097 251.
1405 1061 1492 1098 413.
1524 1062 1573 1097 H.
1604 1060 1664 1098 63.
1697 1060 1766 1097 Ph.
1797 1059 1887 1096 428.

1232 1132 1394 1166 semper
1424 1125 1470 1157 A.
1501 1123 1563 1159 35.

1231 1185 1524 1228 sempiternum
1559 1186 1797 1229 perpetuum
1828 1185 1875 1220 A.
1906 1182 1994 1219 959.

1234 1247 1366 1282 senati
1406 1247 1497 1282 sim.
1528 1251 1574 1282 A.
1605 1246 1692 1283 365.
1724 1245 1767 1282 Ε.
1797 1244 1887 1282 237.
1915 1244 1965 1280 H.
1997 1242 2087 1280 356.

1290 1308 1359 1342 Ph.
1394 1307 1481 1343 154.

1237 1369 1396 1404 senium
1426 1370 1468 1405 E.
1501 1369 1590 1406 302.

1237 1431 1496 1476 sepulchrum
1528 1432 1574 1466 A.
1609 1430 1682 1467 128

1239 1502 1470 1529 sermonem
1501 1502 1693 1536 quaerere
1722 1492 1764 1529 Ε.
1794 1491 1883 1529 516.

1240 1563 1403 1590 servare
1432 1554 1597 1590 domum
1630 1555 1670 1590 E.
1702 1552 1791 1590 780.

1241 1614 1457 1651 servitium
1488 1615 1584 1650 -itus
1615 1617 1661 1651 A.
1694 1614 1781 1652 674.

1241 1679 1437 1712 sexcenta
1466 1676 1535 1712 Ph.
1566 1677 1654 1714 668.

1242 1739 1348 1782 signi
1377 1739 1452 1774 hoc
1479 1740 1544 1774 est
1572 1739 1615 1774 E.
1645 1738 1732 1775 628.

1243 1799 1490 1835 silicernium
1520 1801 1594 1836 Ad.
1624 1799 1713 1837 587.

1244 1861 1428 1897 sincerus
1458 1861 1499 1897 E.
1533 1862 1618 1898 177.

1245 1924 1350 1958 situs
1381 1923 1506 1958 situm
1537 1925 1584 1959 A.
1616 1922 1679 1960 33.
1710 1925 1780 1959 Ad.
1813 1922 1902 1969 331.
1934 1921 2004 1957 Ph.
2033 1919 2098 1956 97.

1245 1984 1398 2021 sobrini
1427 1994 1516 2020 con·
1545 1988 1592 2021 A.
1623 1984 1712 2021 801.
1741 1984 1791 2020 H.
1822 1983 1911 2020 459.

1247 2047 1406 2082 sobrius
1435 2047 1592 2082 sebrius
1625 2048 1670 2082 A.
1702 2046 1792 2083 778.
1821 2083 1827 2086 .

1247 2109 1368 2144 sodes
1397 2108 1444 2143 A.
1475 2107 1539 2144 85.
1569 2108 1620 2146 H.
1652 2107 1742 2144 753.

1249 2170 1392 2206 sollers
1421 2170 1506 2211 ὅλος
1535 2171 1574 2204 ἐν
1603 2172 1716 2215 ἀρετῇ
1747 2170 1788 2205 Ε.
1820 2168 1911 2205 478.

1251 2231 1476 2268 sollicitudo
1505 2241 1602 2268 cura
1631 2231 1700 2267 Ph.
1731 2230 1821 2268 441.

1362 2323 1378 2342 ,‚
1505 2295 1620 2330 -tatio
1650 2296 1695 2328 A.
1727 2292 1801 2330 261
1847 2290 1936 2327 268.

1253 2367 1343 2392 sors
1372 2358 1447 2393 Ad.
1478 2356 1566 2392 242.

1254 2420 1389 2454 status
1421 2427 1513 2453 -ura
1542 2416 1583 2452 E.
1614 2416 1703 2453 598.

1253 2481 1423 2516 stetisse
1451 2489 1522 2524 per
1552 2488 1616 2514 me
1647 2478 1685 2513 h.
1716 2488 1749 2513 e.
1780 2486 1871 2513 esse
1900 2478 1946 2511 A.
1980 2472 2067 2510 699.

1256 2541 1408 2577 stillare
1437 2551 1500 2577 ex·
1535 2541 1605 2576 Ph.
1635 2539 1725 2577 975.

1256 2603 1448 2639 stimulus
1477 2603 1674 2639 adversus
1704 2604 1755 2636 st.
1782 2599 1934 2635 calcare
1957 2596 2029 2631 Ph.
2046 2593 2107 2631 78.

1258 2666 1351 2700 suat
1390 2674 1440 2700 ne
1478 2663 1567 2707 alqd
1599 2673 1631 2698 s.
1661 2671 1737 2697 suo
1767 2660 1890 2705 capiti
1918 2658 1989 2694 Ph.
2019 2655 2106 2693 491.

1259 2727 1430 2761 suadere
1459 2734 1542 2770 per·
1573 2725 1646 2759 Ad.
1677 2722 1766 2759 360.
1925 2725 1928 2730 '

1261 2789 1336 2822 sub
1366 2785 1576 2823 subtristis
1605 2786 1682 2820 sim
1727 2785 1773 2819 A.
1801 2782 1890 2818 447.

1263 2849 1449 2885 sublatus
1480 2848 1529 2883 Η.
1561 2846 1649 2883 507.

1264 2919 1502 2947 succensere
1531 2910 1577 2944 A.
1608 2908 1696 2944 448.
1727 2906 1795 2942 Ph.
1827 2904 1915 2941 361.

1265 2970 1556 3009 succenturiari
1582 2969 1652 3005 Ph.
1683 2967 1772 3005 230.

1267 3044 1390 3071 sucus
1420 3041 1551 3077 sugus
1580 3031 1622 3066 E.
1654 3029 1742 3067 318.

1267 3092 1611 3141 superstes—itiosi
1643 3093 1689 3127 A.
1719 3090 1808 3128 487.
