2242 3443
109 480 181 515 161

112 1465 186 1500 163

112 1767 186 1803 162

112 1917 187 1953 163

112 2221 187 2258 164

113 2881 188 2918 165

942 168 1020 207 241

429 288 451 323 3
481 288 502 309 *
528 298 652 324 AUDIO
682 290 817 325 omnia
844 289 995 325 deridet
1026 289 1219 325 Phaedria
1243 291 1408 335 cupiens
1434 290 1607 327 fructum
1633 295 1779 329 amoris
1803 294 1863 329 vel

376 342 562 386 periculis
590 342 772 386 adipisci;
811 345 873 378 est
903 352 998 386 ergo
1028 344 1170 379 ‘audio'
1201 346 1367 387 εἰρωνεία
1397 355 1467 389 pro
1497 346 1587 380 ‘non
1619 349 1760 392 audio',
1792 348 1864 383 hoc

375 398 459 431 est:
490 395 586 431 nihil
617 396 725 432 dicis,

316 477 334 513 1
370 485 463 513 mm
494 485 707 514 EXSPECTO
741 484 862 519 QUAM
896 486 987 514 Mox
1019 486 1182 515 VENIAT
1216 487 1303 515 non
1336 478 1565 526 quando,
1599 479 1674 517 sed
1706 490 1862 527 quam

257 551 383 598 cito,
418 552 516 598 quia
549 551 690 590 timet.
726 552 749 589 2
784 560 856 596 QUI
889 562 1060 590 ADIMAT
1089 562 1209 590 HANG
1237 563 1337 591 Mrffl
1366 563 1725 592 CONSUETUDINEM
1757 556 1863 593 mire

254 636 339 665 non
382 625 620 676 ‘amorem’,
664 629 893 674 tamquam
939 638 1087 666 amore
1130 638 1276 667 carere
1318 630 1521 678 potuerit,
1554 631 1866 669 consuetudine

255 712 338 740 non
381 703 542 751 possit;
587 703 612 741 3
656 704 700 741 et
741 704 846 742 nota
884 704 1195 751 proprietatem
1229 704 1347 753 dicti,
1381 715 1482 743 nam
1518 707 1865 745 consuetudo

254 777 505 825 specialiter
537 778 588 817 de
622 778 739 817 coitu
772 778 945 817 dicitur.

319 855 336 890 1
382 863 498 891 Anus
541 863 644 898 Qum
688 864 812 892 DEFJT
855 864 970 901 QUOD
1006 864 1156 892 AMENT
1191 854 1544 902 magnificentius
1578 855 1704 894 ‘aliis’
1737 868 1867 904 quam

256 929 293 966 si
320 929 482 968 diceret
510 928 664 968 ‘mihi’.
694 930 717 966 2
746 940 834 967 ΤῙΒῙ
862 940 971 977 Qum
1000 940 1214 968 SUPEREST
1242 940 1378 969 Donni·
1408 930 1634 977 laboravit,
1660 934 1708 970 ut
1729 935 1866 971 osten-

256 1004 379 1043 deret
419 1004 516 1053 plus
558 1015 656 1044 esse
704 1005 850 1043 ‘dolet'
893 1015 1024 1052 quam
1058 1006 1201 1054 ‘aegre
1234 1007 1337 1053 est’;
1372 1008 1415 1044 et
1447 1006 1542 1045 ideo
1574 1007 1774 1045 insanum
1810 1009 1870 1045 ait

255 1079 567 1129 Antiphonem,
600 1080 674 1128 qui
706 1080 750 1118 in
782 1090 834 1119 ea
866 1081 1040 1119 fortuna
1072 1081 1243 1129 positus
1275 1091 1384 1129 quae
1418 1082 1627 1120 adversae
1654 1084 1870 1122 contraria

256 1157 336 1205 est,
379 1155 494 1194 idem
526 1156 720 1204 patiatur
752 1156 865 1204 quod
899 1157 1049 1205 miser,
1084 1158 1128 1196 et
1160 1159 1226 1196 est
1260 1156 1399 1205 figura
1431 1155 1652 1207 ὑπόζευξις,
1681 1168 1783 1197 nam
1817 1160 1869 1198 ad

255 1234 490 1280 utrumque
539 1231 680 1280 ‘aegre
727 1233 808 1271 est’
857 1232 1055 1271 sufficere
1106 1233 1269 1281 potuit;
1319 1234 1429 1272 scire
1472 1236 1618 1272 autem
1662 1234 1869 1273 debemus

253 1307 419 1355 <et>
465 1308 740 1347 enuntiative
785 1310 828 1347 et
875 1318 950 1357 per
997 1309 1387 1357 interrogationem
1435 1309 1514 1348 hoc
1557 1310 1700 1358 ipsum
1743 1321 1870 1359 posse

256 1383 547 1432 pronuntiari.

321 1462 339 1498 1
385 1470 532 1498 AMORE
574 1469 781 1498 ABUNDAs
810 1470 1003 1498 ANTIPHO
1037 1461 1118 1499 hoc
1150 1461 1214 1500 sic
1247 1461 1632 1509 pronuntiandum,
1667 1462 1867 1508 quemad-

256 1535 435 1574 modum
468 1535 582 1574 solet
613 1546 711 1574 cum
745 1536 974 1574 stomacho
1002 1536 1088 1575 dici
1116 1537 1382 1585 vituperanti
1410 1536 1552 1575 cibum
1588 1535 1687 1575 ‘non
1715 1538 1870 1575 esuris’

257 1612 332 1649 aut
374 1609 517 1659 ‘pleno
553 1611 705 1648 ventre
737 1611 820 1657 es';
857 1610 949 1648 vult
981 1610 1099 1649 enim
1133 1611 1361 1650 ostendere
1394 1611 1615 1649 satietatis
1647 1612 1727 1651 hoc
1760 1622 1869 1662 esse,

255 1696 340 1725 non
377 1686 738 1734 ratiocinationis,
773 1685 884 1734 quod
917 1696 1032 1725 nunc
1064 1686 1259 1734 queritur
1290 1687 1494 1736 Antipho.

316 1763 340 1800 3
382 1772 470 1801 'rim
510 1772 619 1810 Qum
657 1771 872 1800 summisi*
906 1772 945 1800 D.
978 1761 1020 1800 id
1053 1764 1142 1800 est:
1177 1772 1226 1801 eo
1260 1762 1371 1810 quod
1406 1762 1627 1801 desideras
1659 1763 1868 1803 abundas.

258 1839 284 1876 4
318 1837 431 1876 Ordo
463 1839 549 1876 est:
583 1837 662 1875 tibi
694 1837 824 1876 dolet.

316 1913 340 1951 2
381 1923 530 1952 AMORE
567 1922 777 1951 ABUNDAs
808 1923 1002 1952 ANTIPHO
1035 1912 1321 1952 abundare
1353 1913 1523 1962 dicitur,
1557 1914 1629 1961 qui
1662 1924 1868 1953 successu

256 1998 460 2037 prospero
507 1989 688 2027 affluitz-
714 1989 905 2027 Lucilius
952 1988 1059 2027 libro
1098 1989 1226 2027 tertio
1265 1988 1402 2033 (Marx
1424 1989 1503 2027 121
1523 1992 1604 2037 sq.)
1637 1988 1723 2028 ‘ille
1759 1990 1869 2028 alter

257 2064 484 2103 abundans
517 2074 616 2103 cum
649 2066 818 2112 septem
851 2063 1086 2102 incolumis
1118 2064 1262 2113 pinnis
1294 2075 1326 2103 r.
1361 2074 1399 2103 a.
1433 2075 1465 2105 r.
1499 2065 1548 2103 s.’

429 2138 452 2174 3
480 2148 617 2174 AMORE
646 2148 836 2173 ABUNDAS
866 2147 1043 2174 ΑΝΤΙΡΗΟ
1073 2138 1148 2174 hoc
1177 2148 1268 2174 cum
1298 2138 1628 2183 pronuntiatione
1656 2138 1786 2174 infert.

318 2220 337 2257 1
373 2229 470 2257 NAM
501 2229 589 2257 TUA
620 2229 790 2266 0111οΕ11
818 2228 985 2257 HERcLE
1013 2229 1144 2257 OER'rn
1172 2228 1274 2257 virA
1302 2228 1418 2257 ΗΑΕο
1445 2218 1553 2257 bene
1581 2217 1739 2267 ‘certe',
1768 2218 1867 2265 quia

256 2304 388 2343 supra
427 2295 577 2333 omnia
624 2304 723 2333 cum
770 2293 948 2347 εἰρωνείᾳ
993 2295 1118 2333 dixit.
1166 2296 1191 2333 3
1238 2294 1364 2333 ‘Vita’
1410 2301 1558 2333 autem
1601 2296 1644 2333 et
1686 2303 1867 2333 mores

257 2369 476 2418 significat
503 2372 546 2411 et
574 2370 820 2409 animum
854 2372 898 2409 et
929 2370 1263 2409 alimentum
1293 2373 1336 2409 et
1364 2371 1611 2419 spatium
1640 2369 1867 2408 vivendi

258 2446 301 2484 et
333 2445 618 2485 fortunam
652 2445 1005 2484 accidentem
1039 2446 1390 2494 viventibus,
1432 2448 1481 2484 ut
1512 2445 1653 2484 modo.
1687 2446 1712 2483 4
1740 2455 1868 2483 EXPE-

257 2531 397 2560 TENDA
433 2531 723 2567 OPTANDAQUE
756 2522 929 2569 proprie
963 2521 1074 2560 dixit
1101 2521 1359 2570 ‘expetenda
1386 2521 1697 2570 optandaque’:
1722 2520 1870 2559 omnia

256 2596 374 2635 enim
407 2606 517 2645 quae
551 2607 750 2645 avemus,
788 2598 864 2635 aut
896 2596 1111 2635 industria
1141 2599 1216 2635 aut
1244 2600 1345 2636 voto
1372 2597 1646 2645 proveniunt,
1674 2596 1754 2635 hoc
1781 2597 1865 2634 est:

258 2676 333 2710 aut
364 2673 407 2711 in
440 2673 567 2711 nobis
599 2674 704 2711 sunt
736 2674 811 2710 aut
848 2672 891 2710 in
924 2672 1100 2711 fortuna
1130 2673 1286 2721 posita.

427 2746 450 2782 2
480 2742 502 2765 '¹¹
531 2756 624 2782 Vim
663 2756 768 2781 HAEC
807 2755 1044 2781 EXPETENDA
1077 2746 1186 2781 ‘vita’
1216 2746 1328 2789 dixit,
1359 2747 1403 2781 ut
1433 2746 1677 2789 ostenderet,
1708 2743 1866 2780 etiamsi

374 2809 454 2835 non
483 2800 679 2835 ‘felicitas’
709 2800 778 2836 sed
809 2799 916 2834 ‘vita’
946 2800 1114 2845 dicatur,
1145 2800 1362 2844 optandam
1391 2809 1494 2835 esse.

319 2880 338 2917 1
388 2890 462 2918 i‘rA
504 2890 564 2919 ΜΕ
605 2890 650 2917 m
692 2889 804 2917 BENE
846 2889 996 2917 AMENT
1037 2889 1092 2917 UT
1134 2889 1234 2917 ΜΙΗΙ
1271 2889 1426 2918 LionAtr
1460 2877 1706 2917 necessario
1737 2877 1863 2925 iurat,

257 2954 359 3000 quia
401 2955 513 3002 quod
546 2955 741 2993 dicturus
773 2956 840 2992 est
871 2954 979 2992 solis
1010 2954 1285 2992 amatoribus
1318 2954 1489 2991 videtur
1522 2963 1618 2991 esse
1651 2951 1867 2991 credibile.

259 3028 283 3065 2
317 3039 391 3067 ITA
417 3039 478 3067 ΜΕ
505 3040 549 3067 01
576 3040 687 3068 BENE
715 3038 863 3067 AMENT
890 3038 946 3067 UT
974 3038 1075 3066 MIHI
1102 3039 1255 3067 mcum
1285 3039 1375 3066 TAM
1403 3038 1478 3066 Dm
1507 3038 1618 3072 QUOD
1645 3037 1735 3065 Amo
1762 3036 1862 3065 Fam

145 3102 306 3132 manarum,
324 3097 415 3127 Com.
433 3097 515 3127 Don.
1172 3132 1176 3136 .
1725 3098 1756 3124 6·
