2242 3443
319 764 369 798 89

320 979 371 1015 90

319 1292 365 1327 91

321 1693 371 1729 93

320 2000 370 2035 94

321 2518 371 2553 95

322 2611 371 2646 96

1172 236 1224 273 16

435 364 609 402 faceret.
645 364 668 401 3
705 365 924 410 [CENAvrr]
953 361 978 403 ¹)
1012 364 1159 401 cetera
1185 363 1228 400 in
1255 363 1383 409 gestu
1412 362 1514 399 sunt
1541 360 1806 408 quaerentis,
1836 360 1938 408 quid
1964 360 2081 399 dicat

435 440 485 478 de
519 440 763 488 Pamphilo,
798 450 877 478 nec
912 439 1188 477 invenientis.
1218 439 1243 475 4
1278 447 1517 476 SYMBOLAM
1550 446 1679 474 DEDrr
1712 436 1822 474 mire
1854 435 1975 475 nulla
2005 445 2081 484 pro

435 515 661 563 Pamphilo
705 516 879 563 negatio
923 515 1028 553 facti
1071 515 1140 552 est
1170 514 1328 562 posita,
1362 513 1437 551 sed
1471 522 1546 561 per
1578 511 1792 560 puerilem
1825 511 2080 560 simplicita-

435 594 524 630 tem
559 591 707 630 omnia
739 593 866 639 gesta
897 591 1074 628 narrata
1099 592 1221 638 sunt,
1253 591 1295 628 et
1324 588 1437 636 quod
1465 588 1652 626 tacitum
1681 589 1762 626 est.
1786 597 1871 626 non
1891 587 2079 626 celatum

435 667 509 705 sed
543 669 588 705 et
621 677 704 706 non
739 667 904 705 factum
938 676 1036 705 esse
1069 666 1131 704 ita
1164 666 1351 704 videtur.

506 761 523 796 1
561 769 662 797 ITEM
695 769 797 798 AL1o
830 769 900 797 DIE
935 758 1070 797 ‘item'
1104 758 1323 796 similiter.

612 834 632 867 2
666 833 713 868 Et
755 834 844 869 vide
886 832 1113 876 diligentiae
1156 833 1317 876 tempus
1355 830 1569 875 adiectum,
1608 830 1722 874 quasi
1760 840 1839 867 non
1880 829 2080 867 suffecerit

558 896 664 922 unus
694 887 789 922 dies.

508 976 523 1012 1
563 984 871 1013 COMPERIEBAM
915 984 956 1012 N.
999 984 1042 1011 A.
1086 983 1124 1011 Ρ.
1173 972 1289 1021 vide,
1336 972 1373 1010 si
1416 982 1503 1011 non
1535 972 1674 1020 patris
1707 972 1841 1010 verba
1872 974 1977 1010 sunt
2009 971 2078 1013 (α).

437 1050 460 1087 2
504 1059 629 1088 mim,
675 1061 735 1088 AD
778 1061 814 1088 P.
859 1059 896 1094 Q.
939 1048 1139 1097 παρέλκον
1182 1048 1377 1097 tertium,
1422 1057 1542 1096 nam,
1585 1047 1782 1087 abundat
1818 1047 2080 1096 ‘quicquam’

435 1126 545 1173 <ut
578 1125 823 1173 ‘quisquam
858 1125 961 1163 Hee.
998 1125 1129 1173 67>’
1166 1134 1280 1172 ,nam
1315 1134 1445 1163 nemo
1479 1124 1711 1172 quisquam
1745 1123 1954 1163 illorum’.

614 1202 631 1235 1
665 1211 687 1234 α
716 1202 756 1236 et
785 1201 831 1235 de
860 1200 979 1235 rebus
1008 1198 1182 1235 veneriis
1212 1200 1313 1234 circa
1342 1198 1408 1233 filii
1437 1198 1687 1234 mentionem
1718 1198 1891 1242 agentis.

503 1289 520 1325 1
557 1297 809 1326 SPECTATUM
856 1286 1133 1336 ‘spectatum'
1176 1286 1229 1325 ad
1269 1286 1570 1335 Pamphilum,
1613 1296 1699 1325 non
1741 1286 1795 1325 ad
1825 1285 2077 1335 exemplum

437 1363 636 1402 refertur.

612 1438 634 1472 2
664 1438 711 1473 Et
741 1446 973 1473 SPECTATUM
1003 1437 1231 1481 probatum.

502 1536 553 1564 ΕΤ
586 1535 777 1564 MAGNUM
803 1536 1041 1564 EXEMPLUM
1069 1535 1389 1564 CONTINENTIAE
1416 1523 1618 1576 ὑπερβολή
1635 1525 1802 1564 laudis:
1821 1524 2079 1574 Pamphilus

440 1601 704 1650 ‘exemplum
739 1602 1067 1641 continentiae’l

619 1693 641 1727 3
672 1702 759 1728 ΝΛΜ
788 1702 855 1734 our
881 1703 960 1728 CUM
985 1702 1163 1729 memus
1192 1692 1405 1737 ingenia
1433 1702 1504 1737 pro
1528 1692 1760 1728 hominibus
1783 1691 1931 1737 posuit.
1952 1692 1970 1727 1
1988 1701 2074 1727 NAM

558 1755 625 1787 om
653 1756 732 1781 CUM
758 1756 935 1782 memus
961 1747 1051 1790 ‘qui'
1077 1746 1278 1782 animus
1305 1746 1466 1783 scilicet.
1492 1747 1513 1782 2
1540 1748 1623 1782 Aut
1641 1748 1748 1783 certe
1764 1745 1912 1782 ‘homo’
1929 1746 2074 1781 subau-

559 1800 746 1835 diendum
785 1802 824 1836 et
861 1804 1002 1844 ‘neque
1040 1802 1318 1837 commovetur
1345 1800 1520 1837 animus'
1549 1802 1662 1837 deest
1690 1800 1816 1837 ‘eius’.
1846 1803 1869 1835 4
1898 1809 2075 1836 commc-

560 1863 692 1889 'rATUR
722 1855 759 1889 id
789 1856 850 1890 est
879 1855 1080 1891 atteritur.
1110 1864 1393 1892 CONFLICTATIO
1423 1857 1485 1891 est
1506 1856 1642 1891 tactus
1665 1854 1838 1891 invicem
1862 1863 2075 1900 corporum

560 1911 599 1943 et
626 1908 800 1944 collisus

503 1995 526 2032 2
559 2005 701 2040 NEQUE
743 2006 1036 2035 COMMOVETUR
1077 2007 1119 2035 A.
1164 1998 1312 2036 utrum
1346 1997 1468 2036 deest
1501 1995 1624 2036 ‘eius'
1657 2007 1713 2035 an
1744 1996 1847 2036 ordo
1880 1997 1969 2035 est:
2002 1995 2076 2044 qui

439 2071 613 2109 animus
660 2081 757 2110 oum
803 2072 990 2120 ingeniis
1031 2073 1308 2112 conflictatur
1350 2073 1565 2112 eiusmodi
1597 2083 1738 2121 neque
1770 2073 2076 2112 commovetur

437 2147 480 2185 in
507 2157 559 2185 ea
589 2148 666 2186 re‘?
684 2148 708 2186 3
732 2158 882 2186 TAMEN
910 2146 1192 2187 ἀνακόλουθον
1209 2150 1320 2197 quod
1338 2159 1425 2188 non
1442 2149 1660 2198 promisso
1679 2148 1808 2188 ‘licet’
1828 2148 1895 2187 vel
1914 2146 2074 2195 ‘quam-

437 2223 583 2269 quam’
625 2223 811 2262 subiecit
851 2219 1057 2263 ‘tamen':
1097 2225 1335 2264 Sallustius
1369 2224 1516 2273 ‘atque
1548 2225 1666 2264 edita
1696 2224 1904 2272 undique,
1937 2223 2078 2262 tribus

437 2299 585 2336 tamen
620 2308 718 2336 cum
750 2299 890 2338 muris
923 2301 964 2338 et
997 2301 1169 2348 magnis
1201 2300 1411 2339 turribus'
1443 2301 1508 2341 (fr.
1541 2300 1583 2339 II
1616 2301 1668 2349 57
1704 2302 1780 2341 m.)

616 2374 632 2407 1
659 2382 789 2414 NEQUE
814 2383 1082 2410 COMMovss'rUR
1107 2376 1246 2410 utrum
1273 2375 1364 2417 ‘dui'
1394 2375 1596 2411 animus
1626 2384 1675 2410 an
1705 2374 1871 2420 homo,
1899 2375 1946 2410 ut
1969 2382 2075 2410 nunc

559 2427 850 2463 subaudiamus
880 2428 1025 2464 ‘eius'‘?

502 2523 613 2552 SUAE
646 2525 777 2554 vr‘rAE
809 2526 965 2554 monum
999 2517 1365 2566 moderationem,
1399 2518 1610 2565 regimen.

507 2608 525 2644 1
561 2616 648 2644 CUM
681 2618 724 2645 m
756 2618 857 2646 mm
888 2619 1112 2648 PLACEBAT
1145 2607 1274 2647 ‘oum'
1307 2610 1614 2658 praeterquam
1647 2607 1773 2656 quod.
1809 2609 1833 2647 2
1865 2617 1957 2646 TUM
1987 2616 2075 2646 UNo

437 2691 517 2719 ORE
550 2691 691 2720 OMNES
724 2682 920 2732 ‘omnes’‚
955 2694 1008 2723 ne
1039 2687 1162 2733 pater
1195 2695 1345 2723 amore
1375 2684 1470 2723 falli
1502 2684 1738 2733 videretur,
1773 2685 1818 2722 et
1848 2683 1943 2722 ideo
1970 2693 2076 2722 mox

439 2764 495 2802 (v.
532 2758 629 2799 132)
661 2759 722 2796 ait
754 2758 876 2798 ‘bene
909 2760 1239 2799 dissimulatum
1273 2771 1311 2800 a.
1345 2762 1389 2800 et
1422 2771 1456 2801 c.
1491 2761 1533 2800 i’.
1569 2761 1594 2799 3
1627 2770 1716 2799 CUM
1747 2770 1792 2798 ID
1824 2770 1926 2798 MIHI
1957 2761 2073 2807 (cett.

439 2842 479 2871 v.
524 2834 600 2882 96,
645 2834 719 2881 97,
764 2835 833 2874 98)
875 2833 1192 2885 ἐμφατικώτερον
1230 2835 1456 2875 ‘fortunas’
1500 2846 1628 2884 quam
1665 2835 1933 2875 ‘fortunam’.
1967 2837 1992 2874 4
2025 2834 2076 2874 Et

439 2908 489 2947 de
520 2919 661 2958 more,
701 2912 749 2948 ut
781 2909 868 2958 ‘qui
899 2911 1015 2949 tanti
1045 2911 1182 2950 talem
1214 2922 1404 2959 genuere
1435 2912 1670 2961 parentes',
1703 2913 1745 2950 et
1777 2909 1902 2951 ‘vade
1934 2912 2015 2961 ait,
2048 2920 2073 2950 ο

368 3101 392 3143 ¹)
419 3100 566 3136 Lemma
590 3114 665 3136 non
690 3104 748 3137 est
771 3104 977 3144 cenavit,
1003 3103 1069 3138 sed
1093 3104 1232 3147 quid?
1258 3105 1312 3140 Cf.
1336 3105 1434 3150 App.
1459 3105 1611 3140 Wessn.
