2242 3443
782 1099 1275 1151 PRAEFATIO.

269 1346 603 1385 Wessnerus
636 1346 678 1384 in
711 1345 980 1394 praefatione
1013 1345 1214 1384 editionis
1248 1345 1503 1384 notissimae
1537 1347 1580 1383 et
1605 1344 1902 1384 nobilissimae

148 1422 212 1460 sic
243 1422 419 1470 scripsit
450 1431 487 1470 p.
522 1420 658 1459 XLV:
692 1421 869 1460 etiamsi
901 1421 1043 1460 omnis
1074 1421 1246 1469 generis
1274 1420 1541 1469 corruptelas
1568 1421 1901 1468 removerimus,

153 1495 250 1536 ‘non
283 1497 336 1536 ad
365 1498 510 1545 ipsum
542 1496 699 1535 Donati
727 1498 1025 1536 commentum
1054 1497 1376 1545 perveniemus,
1407 1496 1482 1534 sed
1509 1496 1561 1534 ad
1590 1506 1687 1534 eam
1715 1498 1905 1534 tantum-

149 1572 279 1612 modo
321 1583 451 1621 quam
494 1573 668 1613 saeculo
709 1575 836 1612 sexto
874 1573 1200 1621 assignavimus
1241 1572 1505 1611 scholiorum
1539 1571 1902 1619 compilationem,

151 1658 283 1697 quam
314 1649 358 1687 in
391 1649 473 1688 hac
504 1650 692 1689 editione
724 1649 864 1697 quoad
896 1647 988 1688 fieri
1015 1649 1155 1697 potuit
1181 1648 1506 1697 exprimendam
1539 1647 1714 1695 curavi’,
1743 1649 1786 1685 et
1807 1647 1905 1684 dein

152 1734 190 1772 p.
223 1724 358 1763 XLVI
390 1735 479 1774 sq.:
513 1725 622 1764 ‘Iam
656 1725 693 1764 si
724 1725 965 1773 quaeritur,
999 1735 1105 1764 num
1137 1723 1230 1763 fieri
1262 1723 1420 1772 possit,
1456 1724 1503 1761 ut
1532 1722 1676 1769 aliqua
1702 1733 1756 1761 ex
1784 1724 1904 1770 part-e

150 1801 385 1848 genuinum
416 1801 578 1841 Donati
606 1803 904 1841 commentum
935 1811 990 1839 ex
1021 1801 1103 1839 hac
1132 1799 1394 1839 scholiorum
1426 1798 1645 1846 farragine
1679 1798 1899 1846 eliciatur,

152 1876 352 1925 equidem
394 1877 474 1916 hoc
515 1887 601 1916 non
643 1887 820 1926 prorsus
851 1878 1122 1925 negaverim,
1156 1876 1231 1914 sed
1263 1885 1333 1914 res
1365 1874 1474 1913 mihi
1506 1875 1676 1913 videtur
1709 1884 1804 1913 esse
1837 1873 1906 1911 ad-

152 1953 330 1992 modum
372 1953 539 1992 lubrica
581 1944 709 2001 atque
750 1954 983 1992 intricata’.
1017 1952 1104 1991 Res
1135 1951 1423 1990 nihilominus
1455 1951 1623 1989 fortiter
1654 1949 1908 1998 temptanda

153 2029 237 2077 est,
281 2029 366 2067 nisi
408 2030 682 2078 acquiescere
723 2029 931 2068 volumus
963 2029 1007 2067 in
1041 2028 1279 2067 commenti
1312 2027 1563 2066 condicione
1597 2025 1826 2073 eiusmodi,
1860 2026 1908 2062 ut

153 2114 238 2143 non
283 2106 459 2143 tantum
505 2105 579 2153 qui
626 2104 765 2143 obiter
807 2104 1045 2153 inspiciunt
1084 2103 1243 2142 librum
1289 2103 1372 2141 cito
1413 2102 1619 2150 abiciant,
1655 2112 1750 2140 cum
1784 2101 1908 2139 iuxta

153 2179 320 2219 scholia
359 2179 473 2219 bona
514 2182 557 2220 et
598 2180 724 2219 utilia
764 2180 1002 2219 identidem
1044 2179 1247 2227 insipida,
1282 2177 1412 2226 falsa,
1448 2177 1664 2216 contraria
1695 2176 1906 2225 repetitio-

152 2266 315 2304 nesque
347 2256 602 2296 innumeras
629 2256 872 2304 offendunt,
903 2256 978 2294 sed
1005 2257 1055 2294 ut
1082 2254 1274 2303 plerique
1300 2254 1433 2292 etiam
1461 2252 1704 2292 fabularum
1723 2252 1908 2291 editores

153 2322 451 2372 commentum
483 2333 559 2372 vix
591 2334 640 2371 ut
670 2342 746 2381 par
773 2333 842 2372 est
868 2332 921 2370 ad
948 2330 1355 2379 interpretationem
1384 2329 1633 2377 adhibeant,
1662 2328 1906 2366 metuentes

154 2408 361 2447 nimirum
403 2419 457 2447 ne
498 2409 646 2458 spuria
677 2419 752 2457 pro
785 2407 987 2456 genuinis
1020 2406 1266 2454 venditent,
1300 2404 1647 2452 quandoquidem
1679 2411 1904 2451 operosum

155 2485 198 2522 et
238 2484 605 2523 molestissimum
647 2483 840 2523 laborem
883 2482 1104 2530 selegendi
1136 2491 1270 2528 grana
1303 2491 1324 2518 e
1357 2480 1492 2528 paleis
1525 2482 1600 2518 aut
1630 2479 1801 2526 fugiunt
1832 2478 1906 2514 aut

155 2560 207 2599 ad
238 2561 400 2599 bonum
433 2561 602 2599 exitum
635 2560 812 2609 perduci
844 2569 970 2608 posse
1003 2559 1247 2607 desperant.

274 2635 380 2675 Cum
422 2637 557 2684 igitur
589 2635 694 2674 olim
729 2636 781 2674 ad
813 2635 1109 2674 Donateorum
1144 2635 1186 2672 et
1216 2632 1463 2681 spuriorum
1495 2629 1755 2668 scholiorum
1789 2636 1904 2674 sepa·

156 2712 370 2751 rationem
414 2712 747 2761 perpetrandam
789 2721 860 2750 me
903 2709 1196 2749 accinxissem
1238 2717 1373 2754 eaque
1405 2706 1550 2744 studia
1582 2705 1679 2743 inde
1711 2702 1762 2741 ab
1794 2711 1904 2739 anno

159 2787 270 2826 1904
312 2788 356 2826 in
389 2787 698 2835 Mnemosynes
729 2786 952 2825 fasciculis
983 2784 1143 2834 publici
1174 2784 1282 2822 iuris
1312 2783 1536 2829 fecissem,
1570 2778 1763 2818 intellexi
1795 2777 1905 2813 hanc

155 2872 331 2911 operam
363 2863 424 2902 ita
450 2865 625 2902 tantum
651 2862 826 2901 Terenti
852 2860 1089 2900 lectoribus
1115 2859 1275 2907 aliquid
1303 2857 1505 2897 utilitatis
1533 2855 1775 2893 habituram
1796 2860 1903 2898 esse,

157 2939 194 2976 si
234 2939 370 2978 totius
412 2939 650 2978 commenti
692 2937 959 2977 scholiorum
1003 2936 1260 2975 divisionem
1298 2933 1405 2971 mihi
1437 2931 1660 2980 probatam
1692 2937 1776 2965 uno
1809 2935 1904 2963 con·

157 3017 309 3063 spectu
341 3016 520 3063 possent
544 3013 912 3062 comprehendere
938 3012 1105 3060 ipsique
1133 3010 1196 3048 sic
1222 3008 1393 3048 facilius
1419 3007 1469 3045 de
1495 3015 1545 3044 ea
1570 3003 1776 3042 iudicium
1794 3001 1904 3039 ferre

159 3090 369 3128 valerent.

230 3159 387 3194 Karsten,
404 3159 492 3188 Com.
513 3159 595 3187 Don.
