2242 3443
311 206 502 234 ADELPHI
1148 200 1233 238 312

309 318 385 353 584
469 320 556 354 ‘etsi
600 320 730 356 multa
771 321 1013 357 diminutiva
1055 322 1155 366 sqq.'
1198 323 1244 358 cf.
1291 324 1380 358 Ars.
1421 323 1488 359 Gr.
1528 323 1625 358 Don.
1667 321 1755 358 376.
1786 321 1829 358 7:
1862 322 1973 358 ‘sunt
2001 323 2078 360 alia

414 380 664 418 deminutiva
700 392 802 426 quae
831 393 912 418 non
944 385 1111 420 servant
1140 393 1290 428 genera
1319 394 1422 428 quae
1451 394 1501 420 ex
1532 384 1766 420 nominibus
1795 384 1947 428 primae
1976 383 2077 430 posi·

413 441 535 477 tionis
587 445 843 488 acceperunt,
896 446 940 480 ut
993 446 1156 481 scutum
1205 446 1366 482 scutula
1408 446 1589 490 scutella,
1633 446 1850 491 pistrinum
1893 446 2078 494 pistrilla,

415 504 526 538 canis
555 505 747 541 canicula.
779 515 877 541 rana
906 506 1185 542 ranunculus!

306 564 382 600 586
468 565 485 600 1
518 567 640 602 verba
670 566 749 602 ‘ubi
779 567 929 612 potetis
958 569 1078 604 vos?'
1107 568 1226 604 hodie
1257 569 1304 604 ab
1333 569 1555 604 editoribus
1580 573 1688 605 recte
1712 569 1884 607 Demeae
1909 571 2080 615 dantur;

412 626 528 663 aliter
558 627 759 664 Hartman
792 639 827 673 p.
863 628 946 665 178.

304 689 378 725 587
464 689 488 725 2
527 690 615 726 vide
653 691 897 727 Wesnerum
935 691 974 726 in
1015 701 1120 737 app.,
1161 692 1228 736 qui
1266 692 1390 728 etiam
1421 692 1566 728 merito
1597 692 1742 729 ultima
1771 693 1894 730 verba
1921 694 1961 736 (2
1988 693 2029 740 a)
2055 703 2080 731 a

411 750 556 786 Donati
583 752 735 788 scholio
765 752 893 788 aliena
922 762 1014 789 esse
1043 753 1246 789 iudicavit.

304 812 381 848 589
467 812 484 848 1
516 812 621 849 ‘iam'
651 814 739 850 vide
767 824 893 859 supra
923 815 969 850 ad
1004 815 1089 851 175.
1176 814 1199 851 3
1230 815 1343 851 iuxta
1374 816 1473 851 Don.
1506 815 1542 852 2.
1626 816 1701 853 591
1733 815 1757 851 2
1786 815 1832 851 ad
1864 817 1941 852 An.
1971 815 2060 853 615.

302 873 378 909 593
461 873 506 909 of.
537 876 584 910 ad
617 875 715 911 Eun.
746 876 780 920 6,
820 876 880 919 27,
914 876 979 920 41,
1011 875 1100 913 936.
1185 877 1263 914 595
1294 877 1318 913 2
1346 878 1393 912 ad
1424 877 1500 913 An.
1532 876 1623 914 639.
1653 877 1689 914 5.

301 935 375 970 601
462 936 485 972 2
513 936 560 972 de
589 936 662 973 hac
689 939 928 981 quaestione
956 938 1047 974 vide
1078 938 1213 974 Kauer
1242 939 1281 974 in
1311 939 1401 974 adn.
1432 939 1519 975 crit.
1606 940 1624 975 1
1659 939 1762 975 rhet.

302 996 378 1032 608
460 997 483 1034 3
515 997 661 1034 ‘coram
690 998 844 1044 indiget
872 999 1119 1036 adiectionis’
1148 1000 1316 1035 minime
1345 1009 1500 1036 verum.
1583 1001 1608 1035 4
1638 1000 1786 1045 repetit
1811 1000 1911 1036 Don.
1935 1001 1984 1036 ad
2001 1001 2078 1036 An.

408 1058 505 1104 ζ19Ο;
548 1059 720 1096 formula
758 1063 811 1097 ‘et
852 1063 1072 1106 praeterea’
1112 1061 1172 1104 (cf.
1211 1062 1258 1097 ad
1297 1062 1388 1105 478)
1426 1062 1577 1098 indicat
1610 1063 1685 1098 hoc
1715 1061 1914 1098 scholium
1943 1063 2078 1098 ortum

407 1129 498 1156 esse
527 1130 549 1157 e
577 1123 785 1159 mentione
816 1123 1107 1168 particularum
1138 1133 1305 1160 coram
1337 1126 1378 1160 et
1408 1124 1575 1169 palam
1606 1125 1644 1159 in
1677 1123 1712 1161 3.

301 1182 378 1218 610
462 1182 480 1217 1
526 1193 550 1218 a
590 1184 689 1220 mihi
741 1186 986 1229 persuadere
1039 1195 1121 1222 non
1165 1186 1280 1230 potui
1322 1186 1421 1222 haec
1461 1195 1484 1222 a
1524 1186 1682 1222 Donato
1724 1185 1925 1230 adscripta
1965 1195 2078 1222 esse:

412 1243 524 1288 prius
576 1246 806 1282 membrum
859 1247 1030 1292 languet
1072 1249 1113 1284 et
1163 1257 1268 1291 quae
1308 1249 1362 1284 sit
1400 1249 1625 1292 utraque
1663 1257 1782 1292 pars
1821 1257 1903 1283 non
1945 1247 2078 1293 vides3

407 1304 581 1342 alterum
619 1317 769 1352 vagum
808 1310 848 1345 et
886 1319 1239 1355 supervacaneum
1272 1309 1388 1346 iuxta
1417 1309 1579 1354 planam
1608 1309 1755 1345 Donati
1782 1309 2079 1354 interpretatio·

410 1377 504 1403 nem
533 1368 573 1403 in
603 1368 637 1404 2.

303 1429 380 1464 618
465 1429 483 1464 1
514 1440 539 1465 a
566 1432 724 1468 notavit
753 1433 916 1469 Wessn.
999 1434 1079 1471 620
1164 1434 1183 1470 1
1215 1435 1436 1470 non-sed
1466 1434 1515 1470 ad
1544 1433 1607 1470 74.
1626 1433 1661 1470 2.
1747 1432 1770 1469 2
1798 1444 1823 1469 α
1856 1431 1946 1477 quid
1974 1432 2079 1470 hoc?

303 1490 379 1527 622
467 1491 485 1526 1
516 1492 635 1528 ‘hem’
667 1495 714 1529 ad
746 1494 835 1531 260.
867 1495 902 1531 7.
989 1496 1013 1533 2
1041 1497 1089 1532 ad
1120 1497 1196 1532 An.
1229 1495 1315 1532 696.
1348 1494 1384 1532 3.

302 1552 377 1589 627
463 1553 487 1588 2
515 1555 561 1590 ci.
591 1556 666 1591 An.
700 1556 788 1592 277.
820 1556 844 1592 2
872 1567 903 1594 c.
935 1560 1025 1594 adn.
1110 1558 1188 1595 628
1218 1558 1242 1594 2
1270 1558 1386 1594 iuxta
1414 1557 1518 1593 Don.
1551 1557 1568 1592 1
1601 1566 1671 1602 per
1700 1567 1772 1593 an.

302 1614 377 1650 631
462 1614 486 1651 2
516 1615 622 1652 ‘iam’
649 1617 739 1654 vide
765 1619 812 1654 ad
845 1619 932 1656 175.
962 1620 998 1655 4.
1083 1620 1161 1656 633
1191 1620 1280 1656 vide
1309 1620 1356 1655 ad
1388 1619 1489 1655 Eun.
1520 1618 1582 1656 84.
1615 1619 1648 1654 1.

303 1676 380 1712 634
466 1677 483 1712 1
523 1678 640 1714 iuxta
675 1679 699 1714 2
741 1680 842 1716 Don.
927 1681 950 1717 2
983 1692 1008 1717 a
1036 1681 1196 1718 notavit
1226 1681 1388 1717 Wessn.
1420 1681 1475 1717 Cf.
1507 1681 1554 1716 ad
1584 1681 1685 1717 Eun.
1714 1680 1753 1726 3,
1784 1681 1858 1716 An.
1890 1680 1952 1717 55.
1985 1681 2008 1716 2
2036 1683 2078 1717 et

408 1739 546 1775 Schlee
575 1750 611 1784 p.
645 1741 718 1778 158
748 1743 796 1777 ad
824 1742 862 1778 h.
883 1753 938 1779 v.:
971 1743 1146 1788 figurata
1174 1743 1338 1788 locutio,
1368 1742 1535 1788 pluralis
1565 1752 1764 1778 numerus
1792 1743 1957 1779 iunctus
1984 1752 2077 1780 cum

407 1801 616 1845 singulari.
645 1803 826 1848 Denique
856 1804 1019 1841 Wessn.
1050 1805 1088 1842 in
1120 1815 1211 1850 app.

302 1862 379 1898 638
463 1862 485 1899 3
516 1863 562 1900 cf.
595 1865 642 1900 ad
672 1866 749 1901 An.
782 1865 871 1902 808.

301 1922 377 1959 646
463 1924 481 1959 1
521 1925 649 1962 ‘deest
683 1927 768 1963 ait’
807 1927 968 1972 falsum,
1008 1938 1103 1964 nam
1143 1927 1363 1973 alloquitur
1398 1929 1572 1974 patrem,
1610 1927 1677 1972 qui
1714 1928 1952 1981 respondet:
1988 1929 2077 1973 ‘ego
2156 1907 2170 1919 Ἰ
2194 1905 2203 1911 ⁴

406 1986 534 2022 dicam
571 1987 687 2024 tibi?'
727 1988 890 2034 Repetit
927 1989 1009 2026 tere
1048 1991 1152 2035 quod
1187 1990 1288 2026 dixit
1329 1989 1404 2026 644
1443 1990 1551 2034 ‘quid
1579 1991 1643 2026 est
1671 1989 1771 2026 rei?’
1802 1990 1843 2025 et
1871 1981 1971 2025 ¹mo‘x
1998 1989 2074 2026 649

408 2047 514 2091 ‘quid
545 2050 635 2085 tum
669 2052 857 2095 postea?'

297 2109 371 2146 647
456 2110 481 2145 4
519 2111 619 2147 nihil
656 2113 751 2148 novi
781 2114 965 2150 continet
993 2114 1109 2150 iuxta
1137 2114 1235 2150 Don.
1268 2114 1305 2159 2,
1333 2114 1459 2151 immo
1490 2115 1560 2150 vix
1587 2124 1685 2151 vera
1712 2114 1752 2150 in
1782 2123 1829 2150 eo
1860 2113 1965 2158 quod
1993 2113 2073 2150 est:

406 2172 628 2216 ‘quaedam'
660 2184 791 2218 usque
820 2176 869 2211 ad
900 2175 1166 2212 ‘indotatam'.
1252 2175 1275 2212 5
1304 2176 1486 2213 eiusdem
1519 2177 1653 2212 notae.

298 2232 375 2269 648
458 2234 483 2269 4
512 2244 537 2269 a
567 2238 708 2272 contra
737 2236 837 2272 Don.
869 2236 904 2273 3.
936 2236 1058 2273 Iunxi
1088 2236 1110 2272 3
1141 2238 1181 2273 et
1211 2237 1249 2275 4.
1331 2237 1409 2274 650
1440 2237 1459 2273 1
1493 2237 1540 2274 cf.
1571 2237 1660 2274 731.
1694 2237 1728 2273 1.

298 2295 374 2331 652
458 2295 482 2331 2
511 2298 551 2332 et
580 2296 603 2332 3
633 2297 766 2334 otiosa
800 2308 875 2334 nec
904 2308 1001 2334 vera
1025 2299 1143 2335 iuxta
1173 2300 1271 2335 Don.
1306 2299 1340 2335 1.

295 2356 372 2392 653
458 2357 477 2392 1
520 2357 651 2394 ‘recte’
690 2359 735 2395 cf.
777 2359 916 2396 Kauer
953 2361 1002 2396 ad
1038 2361 1076 2396 h.
1115 2361 1138 2397 1.
1223 2361 1248 2398 2
1285 2360 1573 2406 ‘trisyllabum'
1603 2360 1796 2396 nimirum
1828 2360 1906 2396 tria
1933 2360 2075 2397 verba:

403 2418 528 2463 ‘nihil‚
559 2421 678 2465 recte,
709 2420 860 2465 perge’.
1645 2458 1649 2460 -

293 2479 371 2515 655
454 2479 478 2516 2
506 2480 667 2517 Wessn.
698 2482 739 2518 in
769 2492 863 2528 app.
948 2483 1026 2520 656
1059 2483 1095 2520 2.
1131 2483 1166 2520 3.
1198 2484 1289 2520 vide
1318 2493 1443 2529 supra
1472 2485 1521 2520 ad
1552 2482 1617 2520 48.
1648 2482 1686 2528 3,
1714 2481 1777 2528 55,
1808 2483 1883 2520 etc.
1917 2512 1925 2517 .

295 2541 370 2578 657
456 2541 480 2577 2
508 2552 533 2577 a
562 2544 721 2579 notavit
750 2543 914 2580 Wessn.

295 2603 374 2639 660
457 2603 476 2638 1
518 2603 641 2640 schol.
683 2604 921 2641 lacunosum
958 2606 1099 2641 eadem
1136 2607 1312 2643 tractare
1351 2606 1523 2651 videtur,
1563 2616 1665 2651 quae
1703 2605 1803 2642 Don.
1834 2605 1875 2641 in
1905 2604 1930 2642 2
1957 2606 1999 2642 et
2026 2604 2071 2650 3;

400 2665 600 2709 quomodo
637 2666 882 2710 explendum
919 2666 974 2702 sit
1011 2667 1189 2711 cogitare
1227 2677 1372 2713 operae
1401 2668 1470 2704 vix
1499 2667 1675 2714 pretium
1704 2668 1782 2703 est.
1816 2667 1873 2703 De
1901 2665 2071 2712 ‘postea’

401 2726 490 2763 vide
517 2726 738 2763 Kauerum.
1901 2740 1905 2746 ’

294 2788 371 2824 662
454 2788 543 2825 vide
571 2798 696 2833 supra
723 2788 785 2826 45.
819 2789 842 2826 3
871 2792 913 2826 et
941 2791 991 2826 ad
1022 2792 1100 2826 An.
1124 2791 1191 2841 74.
1223 2791 1259 2828 3.

295 2849 372 2885 664
458 2849 477 2885 1
508 2849 724 2886 ‘illiberale’
756 2852 803 2886 ad
833 2861 870 2887 v.
905 2851 995 2889 464.
1080 2852 1103 2889 2
1134 2853 1249 2889 iuxta
1278 2853 1379 2890 Don.
1413 2853 1447 2889 1.

295 2912 372 2947 666
456 2911 480 2948 2
507 2911 554 2947 cf.
584 2911 721 2948 Kauer
749 2913 809 2948 ad.
838 2913 877 2949 h.
906 2913 931 2949 1.
1015 2914 1094 2950 668
1126 2914 1144 2949 1
1176 2914 1265 2951 vide
1294 2915 1447 2951 scholia
1476 2915 1526 2950 ad
1556 2914 1651 2951 Hec.
1690 2913 1780 2952 350.

295 2972 373 3008 676
454 2972 478 3009 3
505 2973 621 3008 iuxta
649 2973 748 3009 Don.
779 2973 830 3019 2.,
859 2984 933 3011 nec
960 2984 1043 3010 non
1074 2974 1098 3010 4
1127 2975 1224 3011 mihi
1254 2978 1492 3021 suspectum
1522 2978 1599 3013 est.

295 3033 370 3069 671
458 3034 476 3069 1
507 3034 627 3070 nimis
656 3035 846 3071 otiosum.
930 3034 1008 3073 672
1043 3035 1068 3071 2
1097 3035 1142 3072 of.
1173 3036 1310 3073 Kauer
1339 3037 1388 3073 ad
1415 3037 1455 3073 h.
1484 3036 1509 3073 1.

295 3093 373 3130 673
458 3095 476 3131 1
507 3097 555 3132 ad
584 3096 654 3132 Ph.
686 3095 774 3134 362.
804 3097 829 3132 4
857 3107 942 3142 sqq.
1030 3097 1049 3133 1
1081 3107 1105 3133 a
1136 3098 1294 3134 notavit
1323 3098 1487 3135 Wessn.
