2242 3443
921 209 1003 246 267

203 329 414 374 mancipia’
443 330 602 365 videtur
631 329 857 373 significare
881 331 1044 373 poetam
1069 339 1148 364 non
1174 339 1255 364 una
1280 330 1499 371 eademque
1526 328 1608 362 vice
1629 328 1675 362 de
1690 327 1861 368 utroque

202 391 451 436 praedicare;
482 391 556 427 hoc
583 392 721 427 autem
747 392 793 426 de
824 390 991 426 diversis
1023 391 1220 435 personis,
1250 390 1444 426 Eunucho
1473 390 1512 425 et
1542 388 1682 424 ancilla
1711 397 1760 423 ex
1787 388 1861 422 Ae-

201 452 365 498 thiopia,
403 452 487 489 fieri
524 453 686 489 omnino
716 462 795 489 non
826 452 970 497 potuit.
1000 451 1293 496 ‘Quia-quia’:
1324 452 1454 487 denuo
1484 451 1662 486 rationes
1694 450 1862 484 reddun-

203 516 270 551 tur
298 514 450 550 nullius
482 515 622 560 pretii3
653 515 740 551 vide
770 515 816 551 ad
855 514 942 559 139,
974 514 1059 550 148.
1090 515 1133 559 2;
1163 513 1186 549 l.
1217 513 1240 548 l.
1267 524 1304 558 p.
1338 512 1410 548 140
1440 511 1531 557 (Mn.
1561 511 1621 547 35.
1652 511 1752 549 312).

99 577 175 613 168
261 577 279 612 1
320 576 436 612 iuxta
472 577 515 612 D.
557 576 592 612 9.
690 577 713 612 4
751 577 904 612 Iterum
943 576 1031 612 laus
1070 575 1194 611 nimia
1223 576 1269 611 de
1300 574 1461 610 Terenti
1491 573 1597 617 stilo,
1628 574 1672 607 ut
1704 573 1788 608 167.
1820 572 1859 614 2;

202 638 250 673 ad
279 637 430 682 reliqua
459 637 505 673 cf.
539 637 625 674 167.
657 638 676 673 1
706 639 747 674 et
774 637 810 673 5.
919 637 942 673 5
971 636 1094 681 ‘ergo’
1133 637 1179 673 cf.
1215 637 1315 672 Don.
1349 636 1433 671 167.
1468 635 1486 670 1
1518 635 1557 669 in
1590 634 1613 669 f.
1725 636 1746 669 6
1780 634 1860 668 bre-

201 700 431 736 viter=D.
469 699 553 736 168.
595 700 631 744 2,
664 699 751 735 vide
789 699 910 744 praef.
951 709 987 744 p.
1022 709 1103 734 xvr.
1186 698 1208 734 7
1247 697 1437 733 refutatio
1477 697 1621 740 arguta
1659 696 1729 731 sed
1760 695 1861 730 falsa

204 761 314 797 schol
357 762 380 797 2
417 762 458 797 et
502 761 536 797 6.
626 761 648 797 8
689 761 897 805 ineptum:
935 761 1052 805 quasi
1089 761 1135 796 de
1176 758 1362 795 ancillula
1400 758 1523 794 etiam
1562 758 1692 793 valere
1731 756 1862 801 possit

202 822 475 867 praedicatum
517 823 704 858 ‘utuntur
744 822 807 858 his
844 822 1041 866 reginae’;
1082 822 1188 866 ‘quia
1225 820 1334 856 nulla
1372 820 1478 855 cett.⁷
1518 819 1620 854 ratio
1649 818 1768 853 nimis
1798 819 1862 853 ah—

201 885 338 929 surda,
374 884 490 928 quasi
525 884 618 919 illud
660 884 707 919 de
749 884 946 920 eunuchis
988 884 1075 919 ideo
1113 883 1411 928 praedicaretur
1445 883 1537 926 quia
1573 881 1733 916 honesti
1762 881 1799 921 (i.
1830 889 1862 916 e·

200 946 354 991 pulchri
384 946 471 982 474.
503 946 540 987 2)
572 946 727 981 essent.

99 1009 176 1050 169
259 1009 277 1044 1
296 1018 320 1043 α
348 1008 451 1044 rhet.
482 1008 520 1044 S.
551 1018 585 1044 a.
618 1008 641 1044 2
670 1016 894 1052 perperam.

97 1070 174 1106 170
255 1070 313 1106 ‘et
341 1069 432 1105 hoc
462 1079 494 1105 s.
525 1070 564 1104 in
594 1069 809 1105 beneficiis’
839 1069 885 1105 cs.
918 1069 1004 1106 169.
1037 1070 1070 1105 1.

98 1131 172 1168 171
258 1127 383 1179 1-†-3
420 1141 546 1166 unum
586 1132 750 1175 Donati,
789 1131 960 1176 expulso
998 1130 1236 1167 emblemate
1275 1131 1311 1175 2,
1349 1139 1426 1174 quo
1454 1128 1718 1173 interpolator
1746 1128 1862 1163 corri-

203 1193 262 1237 git
290 1192 507 1228 Donatum.
538 1193 575 1229 S.
605 1202 640 1228 a.
724 1193 788 1228 4a
824 1194 871 1228 de
900 1191 1186 1228 additamentis
1217 1201 1287 1236 per
1316 1191 1441 1227 ‘deest
1469 1190 1588 1226 enim'
1618 1190 1751 1226 videl.
1779 1200 1812 1225 s.
1838 1188 1862 1225 l.

203 1264 241 1299 Ρ.
282 1253 354 1290 157
393 1254 484 1296 (Mn.
525 1254 586 1299 35,
617 1254 706 1297 408)
736 1256 778 1290 et
806 1255 856 1290 ad
884 1255 1009 1290 Andr.
1040 1255 1118 1290 Mn.
1149 1253 1199 1291 32
1226 1263 1263 1298 p.
1295 1254 1370 1290 300
1400 1262 1484 1297 sqq.
1517 1252 1628 1296 ‘Quid
1656 1252 1758 1288 istic'
1790 1252 1860 1287 for·

202 1315 314 1351 mula
340 1317 405 1351 est
433 1326 535 1360 quae
564 1317 718 1362 respuit
748 1316 1078 1361 supplementum
1107 1317 1282 1360 certum;
1314 1314 1361 1351 cf.
1392 1314 1486 1351 Fab.
1517 1315 1563 1350 ad
1595 1313 1632 1349 h.
1662 1314 1685 1349 l.

105 1378 180 1414 172
267 1378 285 1414 1
315 1377 361 1413 cf.
395 1378 481 1414 145.

99 1440 174 1475 173
257 1439 431 1475 breviter
460 1439 631 1475 refertur
656 1440 760 1484 quod
782 1441 846 1476 est
870 1439 910 1475 in
935 1439 1082 1476 Donati
1107 1438 1258 1475 scholio
1287 1438 1371 1474 174.
1390 1438 1425 1483 3,
1451 1437 1539 1473 vide
1556 1437 1677 1482 praef.
1695 1447 1730 1481 p.
1749 1446 1861 1471 xv111.

200 1501 239 1537 S.
269 1511 303 1537 a.
342 1501 529 1537 Ceterum
568 1501 780 1537 lectionem
818 1502 996 1538 codicum
1034 1501 1255 1537 Beckius
1295 1500 1453 1536 censuit
1484 1499 1637 1535 servari
1666 1508 1798 1543 posse,
1827 1499 1862 1533 si

201 1562 259 1598 sic
286 1562 620 1607 interpretamur:
653 1563 793 1599 ‘sentit
822 1564 1015 1600 meretrix
1045 1563 1170 1600 animi
1197 1562 1418 1598 offensione
1446 1561 1577 1605 aliqua
1604 1560 1742 1604 negari
1767 1560 1861 1596 ‘scih

202 1624 249 1659 ab
281 1624 556 1669 adulescente,
588 1635 689 1669 quae
718 1625 889 1669 rogavit.

99 1685 175 1721 174
257 1686 281 1722 2
312 1686 473 1724 Futtile.
560 1687 634 1723 175
667 1688 685 1722 1
718 1696 768 1723 ex
796 1687 921 1722 Andr.
951 1687 1013 1722 45.
1046 1689 1078 1722 1.

97 1747 170 1782 177
255 1748 279 1783 2
308 1748 512 1783 conclusio
542 1758 613 1793 per
643 1749 765 1792 ‘ergo'
796 1756 1097 1793 supervacanea
1127 1749 1219 1792 post
1253 1748 1291 1783 1).
1326 1749 1368 1792 1;
1400 1747 1487 1782 vide
1516 1747 1563 1782 ad
1595 1746 1655 1781 72.
1686 1745 1724 1781 S.
1756 1755 1790 1781 a.

98 1809 173 1845 178
258 1809 276 1844 1
323 1809 588 1854 interpolator
626 1810 711 1845 suis
750 1810 883 1846 verbis
921 1811 1069 1854 repetit
1108 1810 1206 1845 Don.
1251 1809 1336 1845 175.
1368 1809 1391 1845 2
1421 1810 1461 1844 et
1491 1808 1612 1843 Andr.
1644 1806 1706 1842 45.
1741 1807 1772 1842 1.
1805 1806 1860 1841 De

201 1869 287 1905 eius
316 1870 489 1906 formula
517 1872 575 1906 ‘ut
603 1871 792 1907 diximus’
823 1874 912 1908 sim.
944 1872 1031 1907 vide
1061 1870 1184 1915 praef.
1215 1881 1252 1916 p.
1283 1880 1368 1906 XXI.
1399 1870 1435 1906 S.
1465 1879 1498 1905 a.

99 1931 175 1968 179
256 1932 279 1968 2
318 1933 356 1968 S.
396 1942 430 1969 a.
470 1943 695 1977 perperam.
738 1934 793 1969 De
833 1934 871 1968 vi
901 1934 1187 1978 pronominum
1217 1933 1263 1968 cf.
1293 1934 1354 1968 ad.
1386 1933 1511 1967 Andr.
1544 1931 1628 1967 199.
1722 1931 1744 1965 4
1775 1930 1861 1965 iun-

203 1995 379 2037 gendum
419 2004 509 2029 cum
548 1995 687 2030 altera⁴
714 1997 826 2040 parte
866 1995 1004 2031 scholii
1044 1995 1085 2037 55·
1126 1995 1173 2031 de
1203 1994 1400 2030 ‘non-sed’
1430 1994 1518 2028 vide
1547 1993 1595 2029 ad
1626 1992 1673 2028 67
1704 1993 1743 2027 et
1775 1992 1859 2027 167.

202 2055 373 2099 Corrigit
402 2056 500 2092 Don.
532 2057 567 2100 3,
598 2058 667 2092 sed
697 2057 816 2101 falso,
847 2058 996 2093 etenim
1027 2067 1127 2101 quae
1156 2057 1353 2092 Phaedria
1380 2055 1479 2091 dixit
1512 2055 1585 2090 165
1615 2064 1700 2098 sqq.
1730 2053 1859 2089 multo

200 2117 366 2152 fortiora
395 2120 493 2153 sunt
520 2128 642 2162 quam
672 2119 769 2154 haec
798 2119 994 2163 simplicia
1023 2119 1185 2154 Thaidis
1215 2118 1355 2162 verba;
1387 2117 1421 2152 si
1450 2118 1609 2152 textum
1637 2124 1859 2159 comparas,

202 2178 354 2214 videbis
384 2180 661 2223 oppositiones
691 2189 761 2224 per
791 2190 886 2215 non
918 2181 1004 2216 sed
1034 2189 1167 2216 meras
1197 2189 1288 2215 esse
1316 2188 1461 2222 nugas
1492 2178 1657 2213 Initium
1688 2176 1809 2212 schol.
1836 2176 1859 2211 5

200 2240 444 2275 ‘mirandum
480 2261 515 2265 —
552 2241 739 2287 iubetur',
779 2242 977 2277 emblema
1014 2243 1078 2277 est
1107 2244 1144 2283 (a
1172 2241 1391 2276 Wessnero
1420 2240 1500 2275 iam
1527 2240 1728 2279 notatum)
1758 2237 1859 2273 alius

202 2301 407 2346 magistri,
446 2303 513 2346 qui
541 2302 638 2339 haec
665 2303 767 2339 ludit
796 2304 842 2339 ad
872 2313 1012 2339 vocem
1043 2302 1323 2347 ‘obsequium',
1352 2300 1631 2346 interpolatori
1660 2299 1859 2343 imprimis

203 2371 353 2407 caram,
393 2363 439 2399 cf.
474 2363 558 2400 186.
592 2365 625 2409 1,
658 2364 743 2400 190.
773 2365 814 2410 3,
848 2364 933 2401 193.
965 2364 1000 2400 3.
1034 2364 1122 2410 250,
1155 2366 1186 2400 1.
1271 2364 1310 2402 S.
1341 2373 1375 2399 a.
1406 2364 1430 2398 4
1460 2363 1499 2398 et
1531 2362 1565 2398 5.
1597 2362 1782 2398 Ceterum
1812 2360 1858 2396 cf.

202 2423 225 2460 l.
256 2424 280 2460 l.
310 2434 346 2468 p.
378 2425 426 2461 38
457 2426 548 2467 (Mn.
580 2426 629 2462 35
659 2436 696 2471 p.
727 2426 804 2469 38).

98 2484 173 2520 183
254 2486 278 2522 2
319 2485 417 2530 Quid
459 2487 556 2523 haec
598 2488 673 2523 sibi
714 2488 887 2524 volunt?
931 2487 1192 2523 Causativum
1231 2487 1348 2531 ‘quia'
1387 2487 1517 2522 denuo
1555 2485 1663 2521 omni
1705 2483 1857 2519 ratione

201 2549 333 2590 caret;
365 2548 453 2584 vide
483 2549 530 2584 ad
564 2549 650 2586 139.
680 2549 718 2584 S.
750 2559 784 2585 a.

98 2605 174 2643 186
256 2608 274 2644 1
315 2608 414 2645 ‘Non
445 2611 550 2653 quod
582 2611 769 2656 oportet’,
798 2610 873 2646 hoc
902 2619 1001 2646 sane
1029 2609 1319 2655 pravissimum
1348 2609 1515 2653 fuisset3
1545 2608 1634 2644 vide
1664 2607 1712 2643 ad
1741 2606 1788 2643 67
1819 2607 1858 2642 et

202 2669 250 2705 de
279 2669 499 2715 ‘obsequio’
531 2672 579 2708 ad
612 2671 698 2708 179.

99 2729 171 2766 187
255 2731 279 2768 2
309 2731 492 2768 ‘nec-sed'
523 2734 571 2769 ad
602 2733 665 2769 67.

97 2790 173 2828 189
253 2792 276 2829 3
314 2793 478 2838 puerilis
513 2794 759 2840 observatio,
789 2793 900 2830 nulla
930 2803 1122 2838 umquam
1151 2793 1284 2830 fabula
1313 2793 1508 2838 procedit,
1537 2792 1615 2827 nisi
1642 2791 1681 2826 in
1713 2799 1857 2826 scaena

203 2853 318 2899 fiant,
356 2865 458 2899 quae
486 2856 551 2892 illa
580 2857 772 2901 postulat.
803 2857 852 2892 Et
881 2857 973 2900 quid
1001 2859 1065 2893 est
1093 2857 1388 2893 ‘retentionem'
1418 2858 1458 2891 et
1481 2855 1705 2899 possuntne
1731 2853 1856 2888 ‘actus

201 2915 369 2953 fabulae’
409 2920 652 2962 procedere?
748 2919 771 2954 4
808 2919 1008 2963 pertinere
1045 2919 1204 2954 videtur
1232 2919 1280 2955 ad
1312 2918 1399 2962 187,
1429 2919 1518 2953 tum
1547 2925 1642 2952 vero
1672 2915 1775 2949 unde
1805 2913 1858 2948 ‘et

200 2977 319 3013 simul
348 2979 483 3022 quia’?
514 2980 551 3016 S.
581 2989 616 3016 a.
646 2980 669 3016 3
704 2981 744 3015 et
774 2980 809 3016 4.
831 2978 868 3022 ¹).

143 3115 167 3159 ¹)
192 3116 234 3152 ln
262 3117 336 3152 189.
361 3118 382 3152 2
405 3119 490 3163 lege
515 3118 604 3154 ‘eos'
628 3131 694 3163 pro
720 3119 818 3154 ‘eas’.
