2242 3443
159 352 232 387 28?

156 1127 234 1164 288

162 2497 239 2533 289

165 2941 241 2978 290

1019 224 1072 261 37

364 358 435 386 ITA
479 357 644 391 QUAESO
688 356 864 391 QUANDO
908 356 1018 384 BENE
1063 356 1286 384 SUCGESSIT
1331 346 1481 383 volunt
1517 348 1694 394 quidam
1730 350 1772 385 et
1805 347 1917 385 hunc

306 433 481 462 versum
515 423 613 470 Syri
639 432 849 469 personae
877 422 1223 470 adiungendum,
1253 422 1326 460 sed
1358 421 1637 469 Ctesiphonis
1664 422 1795 460 verba
1822 432 1917 460 esse

306 509 359 538 ex
386 499 574 538 subditis
600 498 778 555 planum
808 500 890 545 est,
922 508 1020 536 cnm
1050 498 1156 536 dicit
1184 496 1300 539 (521)
1332 497 1448 535 ‘nam
1478 497 1592 535 hunc
1619 497 1733 535 diem
1759 497 1917 535 misere

305 574 437 612 nimis
469 575 611 622 cupio,
647 575 695 611 ut
727 573 866 622 coepi,
901 575 1161 621 perpetuum
1194 573 1237 610 in
1271 573 1442 611 laetitia
1473 572 1658 620 degere’.

987 782 1094 872 HI

1024 981 1059 1018 1.

367 1125 385 1162 1
432 1134 617 1162 oBsEcRo
656 1135 745 1162 MEA
781 1133 946 1163 NUTfflx
986 1123 1095 1162 haec
1127 1134 1287 1162 scaena
1320 1124 1570 1172 tragoediae
1603 1122 1799 1160 ordinem
1833 1129 1918 1157 ser-

304 1201 390 1249 vat,
438 1210 540 1238 nam
585 1200 810 1247 tragoedia
851 1200 893 1237 in
938 1199 1021 1238 tria
1064 1200 1292 1238 dividitur:
1334 1200 1729 1248 exspectationem,
1773 1198 1916 1244 gesta,

303 1275 487 1323 exitum;
506 1276 575 1314 hic
593 1285 761 1323 quoque
790 1277 1154 1324 exspectatio
1178 1278 1245 1314 est
1267 1276 1370 1323 <in
1390 1275 1622 1314 mulierum
1642 1272 1917 1320 colloquio>

303 1349 442 1402 (288),
485 1353 527 1390 in
569 1351 702 1390 Getae
740 1351 892 1390 nuntio
924 1352 1026 1396 (299
1045 1350 1158 1402 sqq.)
1190 1354 1370 1401 gesta,
1404 1352 1448 1390 in
1482 1351 1661 1400 planctu
1694 1349 1917 1388 Sostratae

303 1429 403 1468 (329
422 1432 502 1476 sq.)
535 1428 742 1467 exitus.
772 1428 796 1466 2
827 1438 1012 1466 οΒεΕοΒο
1040 1411 1130 1466 ΜΕΑ
1158 1438 1324 1468 NUTRlx
1352 1429 1451 1467 hinc
1478 1427 1816 1474 demonstratur,
1846 1424 1916 1472 qui

303 1504 362 1542 sit
398 1506 626 1543 maternus
667 1503 869 1552 affectus,
913 1514 1046 1552 quam
1083 1506 1208 1552 grata
1240 1505 1283 1542 in
1318 1504 1519 1543 dominos
1551 1511 1779 1542 servorum
1813 1499 1919 1539 fides

303 1581 376 1628 sit,
421 1581 696 1629 eundemque
737 1580 935 1619 laborem
974 1583 1016 1619 et
1057 1580 1253 1619 dolorem
1298 1590 1395 1619 esse
1431 1590 1486 1619 ex
1527 1579 1650 1618 falsis
1691 1587 1820 1626 quem
1864 1586 1918 1614 ex

304 1657 420 1695 veris
461 1656 607 1696 malis.
650 1657 675 1695 3
720 1667 905 1695 OBSECRO
948 1667 1038 1695 MEA
1071 1667 1237 1696 NU'rfflx
1270 1666 1483 1705 personae
1516 1657 1592 1695 aut
1621 1654 1798 1702 <ex>
1830 1652 1923 1691 suis

305 1733 448 1772 verbis
491 1735 565 1772 aut
606 1743 661 1772 ex
705 1733 860 1771 alienis
903 1733 1203 1771 insinuantur:
1238 1743 1302 1771 ex
1335 1733 1476 1781 suis,
1509 1734 1559 1771 ut
1590 1741 1706 1770 nunc
1738 1738 1921 1779 persona

304 1809 549 1858 Sostratae,
584 1818 646 1848 ex
681 1808 910 1857 alienis,
946 1810 993 1847 ut
1026 1808 1151 1847 initio
1184 1808 1393 1848 Aeschini
1425 1818 1612 1857 persona
1644 1818 1698 1846 ex
1726 1805 1922 1845 Micionis

303 1885 500 1924 oratione
543 1895 593 1923 ac
635 1884 841 1923 Demeae.
887 1885 912 1922 4
959 1894 1144 1923 OBSEORO
1187 1895 1278 1923 MEA
1320 1894 1486 1923 NUTRIX
1528 1894 1634 1932 Qum
1677 1891 1794 1921 Nunc
1826 1891 1922 1918 mm·

305 1959 431 1999 ‘mea’
465 1970 579 1999 nunc
613 1970 690 2010 pro
723 1959 1023 1998 blandimento
1057 1960 1245 2009 ponitur,
1281 1964 1323 1999 et
1357 1960 1472 2008 ‘quid
1508 1969 1624 1998 nunc
1655 1957 1743 1997 fiet’
1771 1956 1919 2005 implo-

305 2036 415 2075 ratio
452 2036 596 2084 magis
632 2037 699 2074 est
730 2035 996 2084 trepidantis
1027 2045 1160 2083 quam
1195 2036 1442 2084 ignorantis
1474 2034 1769 2083 interrogatio,
1804 2042 1921 2071 nam·

304 2123 386 2160 que
413 2111 533 2150 illius
559 2111 709 2150 nutrix
738 2113 824 2160 est,
854 2111 1010 2160 quippe
1038 2111 1215 2150 anicula
1238 2114 1324 2160 esi,
1351 2121 1488 2159 neque
1510 2110 1751 2159 sapientior
1773 2108 1922 2146 nutrix

305 2190 373 2227 est
403 2198 535 2236 quam
569 2187 746 2226 domina
777 2197 874 2235 sua;
909 2187 1054 2236 ipsum
1088 2188 1221 2226 etiam
1254 2187 1366 2235 quod
1399 2187 1505 2226 dicit
1537 2185 1717 2224 ‘nutrix’
1753 2183 1921 2223 honori·

308 2263 439 2302 ficum
459 2266 545 2312 est,
582 2266 627 2302 ut
655 2263 799 2312 (Verg.
818 2264 925 2302 Aen.
945 2265 985 2302 4.
1006 2264 1107 2303 634)
1136 2263 1345 2311 ‘Annam‚
1375 2274 1476 2302 cara
1502 2262 1613 2301 mihi
1642 2261 1810 2307 nutrix,
1839 2260 1922 2298 huc

285 2340 413 2382 ,siste
447 2341 679 2387 sororem’;
708 2342 813 2378 sunt
841 2340 958 2378 enim
987 2340 1167 2378 nomina
1193 2340 1245 2378 ad
1274 2340 1455 2387 aliquid,
1484 2338 1641 2387 quibus
1669 2347 1747 2376 nos
1774 2338 1921 2374 tamen

308 2416 497 2454 velimus
529 2415 582 2454 ab
614 2415 822 2454 omnibus
856 2414 1081 2464 appellari,
1118 2417 1166 2453 ut
1198 2416 1412 2463 magister
1445 2414 1640 2453 medicus
1674 2413 1832 2451 orator.

369 2494 387 2530 1
435 2501 550 2529 MODO
594 2500 784 2529 DOLORES
826 2501 916 2529 MEA
959 2501 1014 2529 TU
1057 2501 1282 2529 OCCIPIUNT
1325 2500 1556 2528 PRIMULUM
1598 2488 1823 2527 evidenter
1854 2486 1923 2523 hic

309 2566 467 2606 ‘modo’
514 2567 727 2615 temporis
764 2566 1009 2615 praesentis
1042 2566 1296 2604 adverbium
1333 2568 1402 2604 est
1435 2567 1475 2604 et
1509 2574 1682 2603 rursum
1717 2563 1830 2600 ‘mea
1862 2561 1922 2599 tu’

307 2642 656 2682 blandimentum
701 2644 786 2691 est,
830 2643 923 2680 sine
962 2652 1047 2690 quo
1080 2652 1166 2680 non
1200 2641 1473 2690 progreditur
1506 2639 1768 2687 colloquium
1803 2637 1921 2675 femi-

308 2728 463 2758 narum
505 2719 549 2756 et
591 2717 788 2756 maxime
826 2717 1159 2765 trepidantium.
1204 2717 1228 2755 2
1274 2726 1504 2754 PRIMULUM
1546 2715 1720 2754 initium
1755 2715 1796 2751 et
1829 2712 1922 2760 ipsa

306 2794 425 2842 origo
457 2793 658 2832 dolorum
692 2793 956 2831 diminutive
989 2793 1291 2831 demonstrata
1323 2794 1403 2830 est.
1437 2787 1494 2841 (a)

481 2867 506 2903 2
535 2877 559 2902 α
587 2876 667 2902 non
697 2866 803 2902 enim
834 2866 1035 2910 ‘primum’
1066 2866 1135 2901 sed
1162 2864 1404 2910 ‘primulum’
1433 2864 1538 2900 dicit.

371 2940 391 2976 1
420 2948 640 2983 NUMQUAM
667 2948 776 2976 Turn:
805 2947 1039 2975 PEPERERIS
1071 2937 1168 2975 vide
1196 2936 1575 2985 praeparationem
1605 2931 1784 2971 doloris:
1814 2930 1921 2969 nihil

310 3014 415 3053 mali
446 3014 587 3053 adhuc
618 3016 823 3052 secutum
857 3015 922 3051 est
956 3015 998 3051 et
1031 3013 1119 3050 iam
1146 3012 1211 3050 sic
1237 3010 1518 3059 perturbatur
1548 3009 1760 3047 Sostrata.
1790 3007 1813 3044 2
1841 3016 1921 3043 IAM

317 3099 434 3129 NUNC
479 3101 605 3129 TIMES
638 3100 767 3136 QUASI
799 3099 1020 3134 NUMQUAM
1052 3098 1266 3127 ADFUERIS
1299 3095 1519 3132 NUMQUAM
1549 3095 1658 3123 TUTE
1691 3092 1922 3122 PEPERERIS
