2242 3443
341 383 417 419 *338

342 1250 416 1287 241

344 2071 421 2108 242

342 2517 419 2553 243

1203 253 1257 292 34

541 380 565 416 3
603 388 747 416 NONNE
791 388 1000 418 oronriur
1034 378 1282 426 oportuisse
1316 378 1368 416 ad
1403 380 1574 426 patrem
1609 376 1760 424 refert,
1797 385 1898 414 nam
1931 385 2012 414 nec
2043 375 2108 414 sic

488 454 754 493 consentiret
802 454 855 492 ad
904 453 1104 502 nuptias:
1149 454 1225 493 sed
1268 454 1334 492 fac
1378 455 1425 492 tu
1463 464 1533 492 me
1566 451 1702 491 velle:
1737 461 1882 490 nonne
1914 451 2108 501 oportuit

491 541 529 579 p.
563 540 621 569 m.
656 531 727 568 a.?
760 530 879 568 dolet
909 531 1058 568 autem
1095 540 1142 569 se
1176 530 1366 579 spatium
1402 539 1486 568 non
1520 528 1731 567 habuisse
1765 527 1961 567 consilio.

667 614 683 647 l
718 622 884 648 UXOREM
915 622 1176 648 DECREVERAT
1207 622 1315 648 DARE
1345 622 1437 647 SESE
1466 621 1559 647 MIHI
1587 621 1629 646 H.
1661 612 1940 647 decernere
1968 611 2030 647 &St
2058 611 2106 646 de

607 667 766 709 magnis
796 667 915 702 rebus
941 667 1093 703 certam
1118 666 1294 712 proferre
1322 666 1580 702 sententiam.
1607 665 1628 700 2
1655 675 1821 701 UXOREM
1845 674 2105 702 DECREVERAT

610 721 830 765 propositio
862 721 1040 756 iniuriae.

550 819 568 855 1
601 826 747 855 nomm
767 848 775 857 .
797 847 804 855 .
826 846 834 855 .
864 826 1074 855 oponrmr
1102 826 1234 864 quam
1252 817 1303 855 de
1321 815 1549 855 stomacho
1568 815 1802 864 repetitum
1821 816 1889 854 est
1905 814 2110 864 oportuit.

488 892 512 930 2
546 892 599 931 Et
631 893 682 931 de
715 903 836 931 more
871 891 1129 941 ‘praescisse
1163 902 1234 930 me
1268 893 1399 931 ante'.
1434 893 1458 931 6
1493 902 1844 931 COMMUmoATUM
1874 891 1977 940 quia
2001 901 2105 940 nup-

488 968 651 1007 tiarum
685 978 769 1007 non
802 968 947 1007 omnis
980 969 1174 1016 potestas
1207 969 1250 1006 in
1282 970 1406 1016 patre
1439 970 1519 1007 est.

664 1042 686 1078 3
717 1042 969 1079 ‘Praescisse’
998 1042 1156 1087 proprie
1185 1043 1233 1078 ad
1259 1053 1353 1078 eum
1378 1042 1565 1088 refertur,
1591 1043 1666 1078 hoc
1691 1043 1818 1079 estad
1836 1041 2105 1087 Pamphilum.

611 1099 633 1131 4
673 1106 992 1133 COMMUNICATUM
1029 1098 1132 1140 quod
1169 1106 1297 1141 neque
1335 1097 1456 1132 huius
1487 1098 1696 1142 proprium
1726 1106 1860 1141 neque
1887 1096 1997 1133 illius
2027 1097 2104 1133 est.

612 1152 634 1186 5
664 1151 712 1186 Et
742 1151 860 1187 ‘ante'
889 1151 1064 1187 abundat
1092 1152 1162 1187 aut
1191 1153 1298 1187 certe
1330 1151 1466 1196 ‘prae’‚
1496 1161 1587 1187 cum
1617 1151 1790 1188 sufficiat
1817 1151 1985 1188 ‘scisse'.

544 1248 563 1285 1
607 1246 716 1295 Qum
761 1257 959 1286 CHREMES
1001 1247 1162 1286 transit
1201 1257 1226 1286 a
1267 1249 1390 1296 patre
1432 1258 1548 1287 nunc
1585 1247 1638 1287 ad
1671 1257 1887 1298 socerum,
1922 1249 1966 1287 et
1995 1247 2109 1287 redit

489 1321 531 1361 τὸ
565 1322 696 1370 ‘quid’
729 1333 816 1362 non
848 1324 901 1362 ad
935 1323 1236 1372 Chremetem,
1269 1324 1346 1363 sed
1374 1324 1427 1362 ad
1455 1323 1582 1363 illum
1610 1324 1887 1363 transeuntis
1915 1323 2105 1370 [dicitur]

490 1400 559 1438 est
588 1401 632 1438 et
664 1409 750 1438 non
783 1399 1104 1438 considerantis
1137 1399 1238 1447 quid
1270 1399 1402 1439 dicat.

544 1510 655 1545 QUOD
693 1510 872 1539 VERBUM
899 1511 1033 1539 Annio
1063 1499 1275 1540 ‘verbum’
1304 1511 1380 1550 pro
1407 1499 1606 1551 ἁξιώματθ
1635 1511 1757 1540 more
1775 1511 1856 1541 suo
1873 1501 2032 1550 posuit.
2051 1502 2105 1545 (a)

659 1584 683 1609 α
710 1574 747 1610 id
777 1576 842 1611 est
871 1575 1053 1611 ‘uxorem
1085 1575 1190 1611 dare'
1221 1576 1324 1619 quod
1355 1575 1411 1611 ait
1440 1577 1489 1617 (V.
1522 1575 1628 1618 238).

544 1672 567 1709 2
605 1681 706 1716 QUID
749 1682 948 1710 CHREMES
990 1672 1196 1710 irascitur
1237 1672 1352 1720 patri
1393 1672 1505 1719 quod
1548 1674 1694 1724 cogat,
1739 1671 1960 1712 Chremeti
1991 1671 2106 1720 quod

491 1749 620 1795 neget
665 1757 862 1786 uxorem.
905 1748 929 1786 3
973 1748 1115 1787 Nove:
1155 1747 1272 1786 dolet
1304 1758 1390 1787 non
1423 1748 1521 1787 odio
1555 1748 1722 1797 haberi,
1756 1758 1843 1787 non
1874 1748 2108 1797 repudiari.

486 1824 511 1861 4
559 1833 661 1868 omn
709 1833 908 1862 CHREMES
955 1833 1027 1868 QUI
1074 1834 1112 1861 D.
1159 1834 1246 1863 non
1292 1823 1482 1863 latuerat
1529 1824 1809 1873 Pamphilum
1852 1824 2109 1873 repudiasse

491 1897 787 1948 Chremetem,
830 1899 944 1938 unde
980 1901 1023 1938 et
1063 1899 1214 1938 Davus
1256 1900 1318 1938 ait
1350 1899 1437 1947 ‘qui
1469 1902 1756 1949 posteaquam
1790 1888 1990 1940 audierat
2020 1910 2107 1940 non

491 1975 644 2014 datum
676 1975 729 2013 iri
759 1974 847 2014 filio
881 1985 1064 2014 uxorem
1098 1975 1191 2014 suo’
1226 1977 1280 2016 (v.
1319 1976 1431 2017 177).

549 2068 568 2105 1
602 2078 646 2107 1D
677 2078 874 2106 MUTAvrr
907 2077 1018 2106 nove
1050 2067 1163 2106 dixit
1194 2067 1280 2117 ‘id’,
1310 2067 1352 2106 τὸ
1382 2067 1452 2107 ‘id’
1482 2069 1600 2108 enim
1628 2070 1682 2109 ad
1711 2068 1966 2118 ‘denegarat
1994 2079 2109 2109 com·

492 2143 733 2182 missurum
766 2143 876 2181 mihi
909 2145 1093 2191 gnatam
1125 2146 1339 2184 uxorem’.
1370 2145 1394 2182 2
1423 2163 1427 2166 ·
1430 2174 1558 2184 .....
1577 2146 1812 2193 paraverat
1841 2145 2035 2195 nuptias,
2065 2147 2110 2184 et

489 2218 720 2258 Chremem
776 2221 949 2258 mutare
997 2219 1270 2259 sententiam
1295 2216 1333 2261 ¹).
1383 2221 1408 2259 3
1459 2231 1504 2259 ID
1556 2231 1753 2259 MUTAvrr
1802 2231 2000 2266 onomAM
2047 2232 2107 2260 ME

494 2305 762 2334 IMMUTATUM
794 2294 1031 2344 παρόμοιον.
1067 2299 1133 2341 (α).

659 2369 681 2405 3
726 2380 750 2404 α
791 2369 893 2405 Nam
935 2369 1123 2413 quotiens
1166 2372 1287 2407 verba
1328 2372 1426 2407 sunt
1471 2360 1679 2416 παρόμοιόν
1722 2371 1878 2418 dicitur,
1917 2371 2106 2416 quotiens

606 2433 772 2459 nomina
799 2424 1074 2466 παρονομασία.

548 2513 567 2550 1
611 2521 743 2550 rrANE
785 2521 822 2550 o.
867 2510 1114 2551 ‘obstinate’
1156 2512 1299 2551 facere
1340 2515 1409 2552 est
1446 2513 1609 2561 aliquid
1642 2514 1687 2552 in
1720 2514 1904 2554 alterius
1936 2514 2104 2554 malum

492 2598 591 2627 curn
625 2589 784 2626 conatu
813 2586 954 2626 facere
986 2589 1322 2635 perseveranter
1350 2590 1393 2627 et
1419 2589 1463 2627 in
1491 2589 1675 2628 alterius
1703 2590 1944 2639 perniciem
1971 2590 2105 2630 nimis

489 2664 582 2702 niti.
614 2664 638 2702 2
666 2673 721 2702 UT
748 2673 807 2701 ME
839 2673 870 2701 A
897 2672 1108 2701 GLYCEmo
1135 2674 1333 2702 MrsERUM
1355 2675 1399 2704 A.
1427 2675 1590 2713 magna
1620 2666 1662 2704 vi
1690 2676 1798 2705 usus
1826 2649 1896 2706 est
1923 2667 2042 2707 verbi
2060 2669 2105 2706 et

487 2739 774 2789 proprietate3
804 2738 918 2777 unde
946 2740 1013 2778 est
1039 2739 1146 2778 illud
1170 2737 1500 2787 ‘<divellimur
1517 2740 1679 2789 inde>
1697 2741 1868 2791 Iphitus
1885 2744 1931 2782 et
1946 2742 2105 2783 Pelias’

490 2816 611 2857 (Aen.
647 2816 686 2854 2.
723 2814 839 2855 435).

663 2889 685 2925 3
708 2888 730 2910 *
754 2899 994 2925 ABSTRAHAT
1019 2899 1167 2934 magna
1192 2890 1472 2935 indignatione
1493 2901 1594 2928 usus
1611 2893 1675 2928 est
1691 2894 1898 2938 tamquam
1913 2894 2105 2931 Chremes

606 2954 686 2980 non
716 2945 800 2980 tarn
832 2943 933 2980 filiae
960 2943 1195 2980 consultum
1222 2945 1318 2981 velit
1348 2955 1468 2989 quam
1497 2946 1654 2982 laesum
1683 2947 1951 2992 Pamphilum.

391 3125 413 3167 ¹)
437 3124 628 3160 Scholium
654 3125 873 3159 lacunosum
900 3126 937 3159 et
960 3124 1020 3159 cui
1043 3124 1208 3159 dandum
1235 3124 1284 3159 sit
1309 3126 1502 3160 incertum.
