2242 3443
310 357 386 393 558

310 510 386 545 559

310 663 387 699 560

308 814 385 851 564

314 2195 391 2232 576

314 2379 391 2415 579

314 2530 392 2567 580

316 2963 394 3000 580

1173 226 1226 263 72

517 361 643 390 rmus
686 362 807 395 QUAM
855 361 1012 389 HARUM
1053 352 1313 390 invidiosius
1352 352 1554 399 ‘harum',
1590 361 1688 390 cum
1724 360 1811 389 una
1842 351 1919 400 sit,
1954 352 2003 390 ut
2032 351 2076 390 in

457 428 666 467 Eunucho
700 427 796 466 ‘non
830 428 997 476 perpeti
1031 428 1314 467 meretricum
1349 429 1400 467 c.’
1434 430 1488 469 (v.
1526 427 1610 468 48).

515 513 746 542 REDUOUNT
785 513 963 542 ANIMUM
997 514 1067 543 ΑΕ.
1101 504 1181 543 hoc
1215 506 1263 542 ut
1294 515 1427 552 supra
1459 507 1514 544 (v,
1553 504 1650 549 193)
1685 504 1844 551 ‘ipsum
1877 504 2075 543 animum

457 582 686 628 aegrotum
720 580 773 618 ad
806 580 846 618 d.
881 590 920 629 p.
955 590 993 629 p.
1029 580 1082 619 a’.

514 667 696 696 UXOREM
723 666 868 695 DEMUS
897 654 1050 706 ἠθικῶς
1079 656 1278 705 ‘demus’‚
1306 659 1353 695 ut
1379 657 1421 695 in
1441 657 1946 697 Heautontimorumeno
1965 656 2077 706 ‘quo-

455 733 584 772 modo
617 733 802 771 minimo
836 732 1028 781 periculo
1061 733 1102 771 id
1136 733 1292 772 demus
1328 733 1670 772 adulescentulo’
1711 728 1771 781 (v.
1805 734 1920 780 477).

518 811 536 848 1
567 819 713 854 MEQUE
740 819 877 847 ILLUM
904 819 1025 848 HANG
1043 792 1264 848 PERPETUO
1283 809 1600 858 amphiboliam
1619 809 1668 848 de
1687 809 1905 849 industria
1921 810 2080 860 posuit.

629 885 650 918 2
682 885 765 919 Aut
795 885 1016 928 utrumque
1047 884 1260 929 significat.

516 965 605 994 NISI
647 965 898 994 PERIOULUM
941 965 1117 994 FECERIS
1160 957 1549 1004 temptamentum.
1585 954 1734 994 Cicero
1769 955 1857 994 ‘aut
1889 956 1984 994 tute
2016 955 2081 994 tui

458 1043 495 1081 p.
531 1032 575 1071 f.’
610 1032 710 1072 (div,
746 1028 841 1082 27);
876 1031 994 1070 idem
1027 1031 1259 1070 Terentius
1290 1030 1372 1071 ‘fac
1398 1031 1640 1080 periculum
1672 1032 1715 1070 in
1744 1031 1788 1071 1.’
1816 1031 1939 1074 (Eun.
1969 1032 2083 1072 476).

514 1119 571 1147 AT
604 1118 728 1147 ISTUG
760 1118 1011 1146 PERICULUM
1045 1108 1332 1147 memorabile
1362 1109 1527 1147 dictum
1555 1108 1690 1147 nimis
1719 1112 1761 1146 et
1787 1109 1847 1157 id,
1867 1108 1980 1157 quod
1998 1118 2082 1147 me-

459 1185 543 1224 rito
577 1184 620 1222 in
652 1184 937 1232 proverbium
971 1184 1168 1223 cesserit.

516 1271 555 1299 st
587 1270 776 1299 EVENIAT
811 1269 923 1305 QUOD
955 1270 1000 1297 Dr
1033 1269 1313 1299 PROHIBEANT
1346 1258 1586 1311 παρένθεσις
1617 1272 1693 1310 per
1726 1259 1992 1311 εὐφημισμόυ.

515 1348 571 1376 AT
605 1347 644 1375 SI
677 1346 949 1376 CORRIGETUR
981 1346 1093 1381 QUO'r
1126 1347 1161 1376 o.
1197 1347 1235 1375 v,
1271 1337 1380 1376 alter
1409 1339 1477 1376 est
1503 1338 1788 1386 syllogismus
1816 1347 1891 1386 per
1918 1338 2081 1376 contra-

458 1415 522 1453 ria
553 1414 769 1452 lemmata
802 1414 846 1451 et
877 1413 970 1461 ipse
1001 1413 1253 1461 negativus.

523 1492 543 1529 1
578 1499 797 1530 PRINCIPIO
841 1500 976 1528 AMICO
1013 1501 1168 1529 FILIUM
1205 1501 1244 1529 R.
1281 1489 1520 1539 ‘principio'
1555 1501 1635 1529 nec
1666 1490 1817 1529 intulit
1852 1490 2086 1528 ‘secundo'.

461 1569 484 1606 2
519 1576 800 1606 RESTITUERIS
831 1576 1036 1605 INVENIES
1069 1577 1171 1615 ergo
1203 1564 1491 1605 ἀνακόλουθον
1524 1567 1698 1616 dupleX.

633 1641 655 1676 3
685 1651 808 1677 Ammo
837 1650 977 1676 FILIUM
1006 1641 1053 1677 ab
1083 1641 1272 1680 honesto,

521 1715 539 1751 1
585 1722 688 1758 QUID
728 1723 838 1752 ISTIG
877 1723 915 1751 SI
947 1723 1023 1752 ITA
1054 1723 1236 1752 ANIMUM
1268 1724 1295 1752 1.
1330 1723 1365 1752 E.
1398 1723 1441 1752 U.
1476 1713 1592 1762 ‘quid
1625 1714 1770 1752 istic?
1804 1713 2086 1753 concedentis

459 1792 502 1828 et
532 1790 667 1829 veluti
697 1790 804 1828 victi
832 1789 1031 1839 verbum,
1066 1791 1313 1838 [tamquam
1341 1790 1378 1828 si
1406 1790 1570 1828 diceret
1603 1789 1797 1838 ‘quid?’].
1825 1792 1850 1829 4
1873 1800 1912 1829 SI
1929 1800 1974 1828 Η)
1990 1800 2085 1829 ANI-

458 1876 558 1905 MUM
585 1876 813 1905 INDUXISTI
839 1866 1000 1915 legitur
1027 1868 1071 1905 et
1098 1866 1311 1906 ‘animum
1334 1866 1564 1906 induxisti’
1584 1868 1628 1906 et
1650 1866 2084 1915 ‘animum'induxti’,

459 1943 536 1982 sed
562 1942 673 1981 illud
699 1942 877 1991 plenum
907 1944 992 1992 est,
1022 1943 1104 1982 hoc
1121 1953 1197 1992 per
1215 1943 1564 1992 metaplasmum
1583 1942 1794 1994 συγκοπήν
1811 1942 2087 1982 diminuitur.

636 2017 657 2051 2
687 2017 880 2052 Abundat
909 2015 1038 2052 ‘istic'.
1068 2017 1091 2053 3
1121 2016 1144 2038 ³*
1171 2016 1245 2053 Vel
1273 2017 1410 2062 potius
1440 2017 1546 2061 ‘quid
1574 2017 1708 2054 istic?’
1739 2016 1939 2061 significat
1963 2016 2086 2052 homi-

580 2079 673 2106 nem
711 2071 758 2110 de
796 2070 881 2106 loco
908 2080 952 2106 ac
977 2071 1024 2106 de
1049 2071 1256 2108 sententia
1280 2073 1483 2117 secedere,
1509 2073 1554 2107 ut
1578 2081 1599 2107 e
1615 2071 1816 2108 contrario
1845 2072 2086 2117 perstare

578 2134 623 2160 ac
651 2125 911 2160 resistere
941 2124 1097 2170 dicitur,
1127 2125 1194 2169 qui
1222 2125 1370 2170 aliquid
1399 2127 1536 2170 negat.

633 2196 648 2230 1
690 2204 804 2231 IPSUs
841 2205 934 2230 MIHI
970 2204 1107 2231 DAVUs
1146 2196 1241 2232 cett.
1272 2197 1336 2231 est
1366 2195 1663 2232 commendatio
1694 2195 1814 2232 testis
1843 2195 1889 2231 ut
1919 2194 1973 2230 ‘in
2001 2194 2087 2231 soro

582 2250 700 2284 modo
736 2258 756 2284 o
789 2249 899 2285 Davo
929 2249 1077 2285 audivi'
1107 2254 1157 2291 (v.
1190 2250 1293 2292 302).
1326 2250 1347 2284 2
1377 2250 1482 2295 Ergo
1514 2250 1654 2295 ‘ipsus'
1684 2249 1799 2294 quasi
1826 2248 1909 2293 qui
1936 2249 2087 2285 maxi-

586 2312 658 2338 me
688 2302 835 2339 sciat.

519 2384 633 2413 TUTE
665 2384 779 2413 ADEO
812 2384 895 2413 IAM
927 2385 1026 2414 EIUS
1059 2385 1221 2414 AUDIEs
1253 2385 1399 2414 VERBA
1433 2374 1568 2414 ‘adeo’
1602 2375 1731 2414 modo
1764 2373 1995 2423 παρέλκεται
2028 2375 2087 2421 [et

462 2449 691 2499 abundat],
716 2452 765 2489 ut
782 2450 1001 2499 Vergilius
1021 2451 1129 2490 ‘tute
1147 2452 1273 2501 adeo,
1292 2461 1422 2500 quem
1441 2461 1548 2490 mox
1564 2451 1689 2499 quae’
1709 2452 1813 2490 cett.
1832 2449 1921 2490 (Ge.
1944 2451 1981 2489 1.
2001 2450 2085 2491 24).

524 2528 542 2564 l
572 2536 716 2571 ATQUE
743 2537 885 2566 RccUM
913 2538 1042 2567 vmno
1067 2527 1248 2566 ‘eccum'
1267 2527 1393 2576 quasi
1411 2537 1535 2566 ecce
1553 2537 1672 2565 eum
1691 2528 1864 2566 veteres
1882 2526 2088 2565 dixerunt

462 2602 636 2651 <ut>
676 2603 959 2653 eccillum,
1005 2604 1119 2652 quod
1164 2604 1360 2653 apertius
1401 2601 1624 2652 significat
1666 2612 1794 2642 ecce
1837 2602 1998 2642 illum
2042 2602 2085 2640 et

465 2678 697 2718 obscurius
730 2678 918 2717 ellum.

1185 2817 1210 2854 4

523 2959 546 2997 2
581 2969 640 2997 AD
673 2969 725 2997 ΤΕ
757 2969 867 2997 IBAM
900 2969 1103 3004 QUIDNAM
1137 2970 1181 2997 ID
1208 2970 1284 2998 EST
1314 2969 1399 2998 CUR
1424 2969 1545 2998 UXOR
1571 2958 1758 2998 Davus
1787 2961 1834 2997 ut
1850 2960 1967 2998 recte
1984 2959 2085 2998 scri-

465 3035 606 3084 batur,
642 3034 823 3073 Davos
856 3034 1135 3073 scribendum
1174 3037 1258 3083 est,
1293 3035 1394 3083 quia
1424 3035 1544 3073 nulla
1575 3034 1723 3073 littera
1755 3034 1919 3073 vocalis
1951 3034 2086 3082 gemi-

464 3112 570 3148 nata
601 3120 736 3149 unam
769 3110 988 3158 syllabam
1021 3110 1149 3158 facit;
1184 3111 1260 3149 sed
1289 3110 1390 3157 quia
1418 3111 1687 3159 ambiguitas
1717 3110 1894 3148 vitanda
1920 3111 1987 3148 est
2013 3120 2082 3148 no·
