2242 3443
136 330 212 368 644

135 631 213 668 645

134 1162 211 1198 646

136 1382 210 1419 647

137 2220 212 2256 648

990 198 1041 237 79

348 327 357 362 l
410 335 532 362 Nifflii
561 335 659 362 MIHI
690 335 851 368 omnm
881 323 1018 361 ‘mihi'
1055 324 1134 361 hoc
1168 327 1255 361 cst:
1293 335 1415 373 meac
1450 326 1645 372 propi-iac
1680 326 1757 371 rei;
1799 327 1821 362 2
1856 335 1892 363 ei

284 401 441 439 callida
482 400 715 448 negatione
758 400 915 446 coepit,
957 402 1002 435 uiv
1038 402 1075 435 οἱ
1115 399 1175 435 illi
1210 400 1375 436 auiimat
1408 400 1636 437 confitendi
1672 401 1813 438 locum
1850 412 1898 438 ac

282 475 485 514 fiduciam
515 475 736 522 simulque
764 473 838 511 fiat
868 475 904 512 ei
934 475 1181 521 desperatio
1210 475 1433 512 ducendae
1463 476 1574 523 eius,
1595 477 1715 513 cuius
1735 478 1899 514 mentio

282 553 376 588 tam
411 551 701 597 contemptim
737 550 789 586 ab
824 550 915 597 ipso
950 551 1178 587 tractetur.

347 628 365 663 1
407 637 569 664 Amlons
603 620 866 670 QUIDAM'ME
900 637 928 663 A
962 635 1069 663 FoRo
1096 622 1122 668 ¹)
1157 626 1257 663 hinc
1290 626 1444 674 incipit
1477 627 1752 665 mendacium
1787 629 1897 667 mix-

282 705 377 740 tum
407 712 533 753 vero,
563 712 665 740 nam
697 702 893 740 ‘amicus’
923 703 966 739 et
996 700 1033 738 ‘a
1060 701 1166 739 foro'
1198 711 1349 739 verum
1379 704 1467 748 est,
1499 701 1597 740 ‘huc
1624 703 1897 741 advocatum'

282 778 468 824 falsum;
498 778 573 816 sed
605 778 716 816 ‘huc’
745 780 788 816 et
816 777 1019 824 ‘quidam‘
1052 777 1179 815 modo
1208 777 1382 824 ἔμφασιν
1411 777 1574 816 habent
1601 778 1712 816 lenis
1738 780 1898 826 negotii

282 855 325 892 et
353 854 396 891 in
428 863 511 900 quo
545 863 624 891 nec
658 863 842 899 magnae
874 862 1084 900 personae
1114 863 1192 891 nec
1219 863 1290 891 res
1316 853 1502 891 difficilis
1529 864 1683 901 operae
1711 856 1785 892 aut
1810 855 1894 892 lon—

282 940 360 976 gae
397 929 695 976 occupationis
729 929 997 975 habeantur;
1034 929 1058 966 2
1092 932 1133 967 et
1169 929 1458 967 ‘advocatum'
1493 930 1674 968 dicendo
1707 930 1896 968 alienum

282 1005 506 1052 negotium
535 1005 874 1051 demonstravit,
905 1015 1005 1042 nam
1036 1007 1077 1043 et
1108 1001 1209 1042 ‘sibi'
1235 1016 1315 1043 non
1337 1009 1488 1053 vacat;
1507 1007 1543 1043 si
1562 1007 1676 1044 enim
1699 1006 1897 1045 ‘mulieri-

285 1081 376 1119 bus'
411 1081 667 1127 addidisset,
704 1081 846 1128 potuit
880 1080 996 1118 aliud
1030 1082 1209 1128 sperari.

341 1157 364 1194 2
399 1167 480 1194 EGO
517 1167 651 1194 niCAM
686 1167 772 1194 TIBI
807 1156 1018 1203 seniliter,
1054 1166 1157 1194 nam
1190 1158 1277 1194 iam
1306 1157 1537 1196 dicendum
1564 1157 1664 1205 fuit;
1695 1159 1719 1196 3
1748 1161 1791 1196 et
1819 1159 1899 1197 hoc

283 1232 413 1270 habet
440 1231 613 1279 ἔμφασιν
644 1232 743 1270 vilis
772 1233 851 1280 rei,
881 1241 991 1279 quae
1018 1233 1085 1270 vel
1114 1232 1239 1271 facile
1268 1233 1351 1271 dici
1380 1234 1517 1281 possit
1545 1233 1610 1271 vel
1630 1234 1811 1272 celanda
1828 1235 1898 1272 sit.

457 1305 476 1341 1
507 1315 601 1347 Qum
632 1307 746 1341 deest
777 1306 871 1350 ‘ait’,
904 1310 947 1341 ut
981 1307 1054 1341 sit:
1085 1307 1177 1350 quid
1208 1307 1294 1343 ait?

348 1380 365 1415 1
403 1388 619 1415 MULIERES
653 1388 969 1416 PAUPERCULAE
1002 1389 1086 1417 non
1120 1379 1261 1427 potuit
1296 1380 1437 1426 magis
1469 1380 1658 1427 spoliare
1691 1381 1901 1428 dignitate

285 1453 452 1491 formae
486 1455 529 1491 et
561 1455 720 1492 aetatis
753 1454 963 1502 puellam,
999 1465 1111 1502 quae
1143 1457 1317 1493 amatur
1345 1456 1397 1494 ab
1425 1457 1665 1504 Aeschino,
1694 1467 1825 1504 quam
1853 1459 1902 1494 ut

285 1539 382 1568 eam
425 1530 565 1578 primo
599 1531 751 1568 eodem
785 1532 962 1569 nomine
997 1541 1095 1569 cum
1129 1533 1268 1570 matre
1300 1533 1569 1580 nominaret,
1604 1533 1756 1571 deinde
1789 1543 1898 1571 com-

283 1606 477 1644 muniter
504 1606 667 1644 diceret
694 1607 745 1644 de
774 1606 988 1645 ambabus
1018 1608 1241 1655 universa,
1270 1608 1426 1654 quibus
1454 1609 1675 1646 contemni
1703 1608 1900 1647 debeant.

288 1683 310 1719 2
339 1692 555 1720 MULIERES
584 1693 899 1721 PAUPERCULAE
928 1683 1094 1721 addidit
1121 1684 1455 1732 ‘pauper-culae,
1476 1686 1525 1722 ut
1542 1684 1684 1731 magis
1702 1684 1902 1732 desperet

286 1758 532 1796 Aeschinus
564 1759 803 1806 impetrare
836 1768 964 1806 posse
997 1759 1077 1797 has
1110 1759 1286 1808 nuptias
1318 1770 1342 1797 a
1375 1762 1514 1808 patre,
1550 1763 1591 1798 et
1624 1760 1729 1798 item
1765 1759 1901 1807 ‘quae-

283 1829 413 1881 dam’‚
444 1834 491 1871 ut
522 1834 738 1881 ignobiles
771 1835 1155 1882 demonstrentur;
1190 1836 1214 1874 3
1249 1838 1293 1873 et
1324 1838 1465 1874 totum
1491 1835 1576 1883 hoc
1602 1846 1700 1874 cum
1729 1835 1900 1874 abiecti-

284 1919 364 1948 one
397 1910 788 1957 pronuntiandum.

453 1983 477 2018 4
511 1983 578 2018 *Et
605 1985 828 2028 ‘quaedam’
854 1987 893 2021 et
921 1986 1215 2030 ‘pauperculae'
1243 1987 1406 2022 dicendo
1431 1986 1579 2022 ademit
1607 1996 1766 2021 omnem
1786 1995 1899 2029 spem

403 2037 656 2082 nuptiarum;
683 2049 777 2075 nam
809 2039 1030 2084 ‘quaedam’
1060 2040 1276 2084 ignobilem
1307 2040 1466 2084 indicat,
1488 2040 1900 2084 ‘pauperculae’indo-

404 2092 550 2135 tatam;
580 2093 673 2136 quid
701 2103 797 2137 ergo
826 2096 1022 2138 remanet,
1050 2096 1153 2137 quod
1180 2096 1315 2139 speret
1339 2094 1595 2130 Aeschinus?
1625 2094 1648 2130 5
1676 2103 1900 2129 PAUPERGU·

405 2154 482 2180 ΒΑΕ
511 2155 584 2181 nec
615 2146 839 2192 ‘pauperes‘
870 2147 1029 2183 saltem.

344 2220 360 2254 1
395 2227 445 2255 ET
474 2228 606 2256 CERTE
634 2230 726 2258 soro
754 2218 1033 2267 ἐπανόρθωσις
1065 2220 1231 2268 ‘parum
1261 2220 1365 2258 dixi’
1388 2220 1542 2267 inquit.
1564 2220 1588 2257 2
1607 2229 1764 2257 OPINOR
1782 2218 1901 2256 velut

284 2292 391 2331 adeo
425 2293 635 2333 obscurae
668 2296 757 2334 sint
790 2298 833 2334 et
859 2296 1022 2334 nullius
1050 2296 1192 2344 pretii.
1222 2297 1247 2334 3
1276 2306 1330 2334 UT
1359 2305 1516 2334 OPINOR
1543 2305 1631 2333 ΗΑΒ
1656 2306 1741 2333 NON
1770 2304 1899 2332 Nossa

283 2378 334 2405 ΤΕ
361 2369 501 2416 potuit
528 2373 645 2409 recte
673 2371 814 2410 dicere
843 2372 886 2409 et
914 2373 992 2410 hoc
1021 2371 1081 2410 ‘ut
1109 2372 1272 2419 opinor,
1302 2373 1381 2409 has
1411 2382 1495 2410 non
1524 2372 1667 2418 nosti',
1698 2372 1771 2409 sed
1795 2371 1899 2408 illud

286 2445 530 2493 vetustius;
575 2449 599 2485 4
644 2450 696 2491 (α)
741 2458 950 2495 magnum
997 2454 1146 2486 autem
1187 2448 1349 2486 crimen
1384 2450 1451 2485 est
1483 2449 1526 2485 in
1558 2448 1699 2486 forma
1732 2447 1899 2483 vicinae

284 2520 470 2568 puellae,
513 2522 780 2569 incognitam
825 2533 924 2560 esse
968 2523 1239 2561 adulescenti
1273 2524 1323 2561 de
1351 2523 1574 2570 proximo;
1609 2525 1651 2560 et
1684 2523 1785 2569 quia
1818 2523 1900 2559 scit

286 2595 402 2634 hunc
433 2606 547 2645 esse,
583 2598 634 2636 de
669 2609 752 2646 quo
786 2599 943 2637 dixerit
977 2600 1091 2643 (149)
1127 2599 1271 2646 ‘quam
1303 2600 1372 2637 hic
1398 2609 1483 2636 non
1512 2599 1680 2636 amavit
1710 2598 1898 2635 meretri-

284 2680 379 2708 cem
423 2674 496 2709 aut
541 2674 609 2711 cui
645 2684 727 2712 non
763 2670 880 2713 dedit
913 2674 1104 2722 aliquid',
1139 2675 1333 2712 subdidit
1367 2684 1565 2721 causam,
1596 2683 1648 2711 ne
1677 2673 1900 2719 dignitatis

286 2745 548 2795 pudorisque
581 2751 718 2796 esset,
755 2750 865 2797 quod
902 2760 999 2788 eam
1026 2751 1297 2797 incognitam
1328 2760 1423 2788 esse
1452 2749 1667 2788 Aeschino
1695 2748 1897 2785 dixisset:

285 2820 439 2869 ‘neque
465 2824 582 2862 enim
613 2825 696 2863 huc
725 2826 796 2863 diu
821 2826 1240 2873 commigraverunt’
1260 2826 1414 2873 inquit.
1434 2827 1457 2863 5
1477 2825 1525 2862 Et
1543 2835 1598 2863 UT
1617 2834 1773 2862 OPINOR
1790 2823 1899 2860 mire

285 2896 378 2944 ipse
405 2898 487 2937 sibi
516 2902 653 2939 sumit
680 2903 810 2948 atque
835 2900 1085 2950 confirmat,
1114 2902 1226 2949 quod
1252 2902 1444 2940 nondum
1472 2901 1544 2939 ille
1573 2899 1800 2938 confessus
1818 2900 1898 2936 est.

188 3027 212 3071 ¹)
238 3029 409 3069 Donatus
442 3035 480 3070 in
515 3036 690 3072 lemmate
715 3037 827 3072 etiam
854 3038 1003 3077 adiecit,
1029 3038 1174 3084 opinor,
1199 3050 1271 3072 mic
1297 3049 1517 3072 onocxrmu
1546 3048 1627 3075 ster,
1653 3036 1704 3069 iia
1730 3036 1770 3069 ut
1794 3034 1898 3068 scho-

144 3077 232 3115 lium
255 3082 277 3116 2
300 3096 382 3121 cum
408 3088 424 3122 1
451 3088 620 3124 iunctum
645 3089 769 3125 fuerit.
