2242 3443
11 1951 17 2011 ἔ

0 2014 17 2070 ’Ξ

0 2070 17 2176 ,Ξ

0 2183 17 2268 :f

148 692 217 727 196

143 768 213 804 197

140 1070 213 1106 198

139 1372 215 1408 200

138 1647 212 1683 201

139 1873 213 1909 202

138 2223 213 2259 203

988 183 1068 219 133

290 307 381 343 toto
413 306 583 344 animo:
617 300 675 351 (α)
703 305 727 343 8
761 306 814 349 (α)
848 305 958 352 quod
992 305 1085 353 ipse
1119 305 1170 343 ab
1205 306 1298 343 eius
1326 315 1501 352 corpore
1528 306 1710 352 patitur,
1740 304 1780 341 id
1800 304 1892 341 vult

292 380 420 419 militi
447 381 541 419 eius
569 383 716 418 mente
743 381 997 427 contingere
1024 383 1250 428 tamquam
1278 381 1451 429 penitus
1472 381 1649 418 excluso
1668 379 1720 417 ob
1739 379 1893 417 amica.

460 455 481 489 2
507 455 569 490 An
594 455 842 498 exspectatio
867 456 1066 489 certorum
1094 457 1172 497 est,
1201 464 1294 498 spes
1319 454 1588 489 incertorum?
1615 454 1636 489 3
1663 453 1711 487 Et
1730 461 1890 495 exspec-

404 508 504 543 tatio
535 508 847 552 propinquarum
878 518 1029 551 rerum,
1059 518 1152 552 spes
1176 508 1485 551 longinquarum
1524 509 1545 542 4
1572 507 1620 542 Et
1644 505 1892 550 exspectatio

406 562 582 597 destinat
618 563 800 606 tempus,
841 571 935 606 spes
978 572 1058 597 non
1098 563 1286 597 destinat.
1318 563 1338 596 7
1371 573 1394 593 (ι
1422 571 1514 596 nam
1543 561 1653 596 illum
1680 570 1785 595 nunc
1813 559 1888 595 ani·

405 625 516 651 mum
545 616 632 651 vult
661 626 771 660 esse,
802 626 881 652 non
911 625 1068 660 corpus
1098 616 1120 651 8
1150 626 1174 650 a
1204 617 1243 651 et
1273 615 1404 650 simul.

342 696 516 730 QUANDO
548 697 629 726 Eoo
662 698 749 726 SUM
780 698 892 726 Tuus
924 687 1126 725 ‘animus’
1158 688 1337 726 scilicet.

338 773 397 800 ME
424 773 621 801 MISERAM
647 773 857 802 ForesrTAN
884 773 958 801 Hic
980 774 1081 801 M1H1
1098 773 1281 801 PARVAM
1298 773 1444 800 HABET
1463 772 1592 799 FIDEM
1614 764 1726 798 recte
1759 761 1891 798 'Pb-ais

284 849 398 877 nunc
444 842 616 887 partem
663 840 911 887 argumenti
954 839 1211 886 exsequitur
1251 839 1432 876 tacitam
1475 837 1587 885 apud
1629 836 1889 874 Phaedriam

284 916 457 963 propter
481 915 778 962 praesentiam
807 915 942 966 servi,
971 924 1099 962 quem
1127 916 1255 962 poeta
1274 913 1367 952 vult
1385 914 1446 952 ita
1463 913 1652 960 nescire,
1671 913 1719 950 ut
1736 912 1891 949 audeat

285 991 337 1028 ad
372 990 612 1029 vitiandam
645 990 859 1038 virginem
888 992 1122 1029 subornare
1154 988 1409 1029 Chaeream.

335 1075 479 1110 ATQUE
505 1077 561 1104 Ex
589 1076 790 1104 AmARUM
813 1076 1006 1104 memus
1024 1076 1138 1103 NUNC
1156 1076 1214 1103 ME
1233 1075 1403 1103 murem*
1424 1065 1491 1102 'nic
1506 1064 1735 1102 Terentius
1751 1065 1887 1100 osten-

283 1141 348 1179 dit
385 1141 564 1180 virtutis
595 1151 699 1180 suae
733 1143 813 1180 boc
846 1151 960 1189 esse,
996 1143 1044 1178 ut
1076 1141 1358 1188 pervulgatas
1389 1149 1598 1188 personas
1629 1148 1740 1176 nove
1769 1138 1886 1176 indu-

285 1218 356 1254 cat
397 1218 440 1255 et
472 1216 617 1255 iamen
652 1227 676 1255 a
709 1217 1024 1255 consuetudine
1058 1227 1140 1254 non
1175 1216 1365 1263 recedat,
1400 1218 1447 1253 ut
1478 1216 1584 1263 puta
1616 1214 1892 1252 meretricem

286 1292 441 1330 bonam
474 1302 573 1330 cum
605 1291 727 1340 facit,
758 1292 901 1340 capiat
928 1295 1078 1330 tamen
1108 1294 1150 1330 et
1178 1292 1367 1330 delectet
1394 1291 1589 1329 animum
1618 1288 1890 1338 spectatoris.

342 1369 360 1405 1
390 1376 531 1412 NEQUE.
560 1379 617 1405 ME
644 1379 842 1407 FrersSE
870 1379 994 1407 FALsr
1022 1378 1246 1413 QUICQUAM
1274 1369 1350 1406 aut
1377 1367 1568 1405 ‘dixisse’
1587 1365 1734 1404 debuit
1750 1365 1889 1403 dicere

286 1445 363 1481 aut
394 1443 586 1481 abundat
617 1443 757 1482 ‘falsi’.

457 1517 478 1552 2
507 1514 529 1536 *
558 1518 641 1553 Aut
667 1517 774 1562 ideo,
804 1518 895 1561 quia
923 1520 962 1553 et
987 1527 1137 1553 vanum
1161 1517 1305 1561 aliquid
1330 1517 1427 1560 fingi
1455 1515 1603 1560 potuit,
1627 1516 1672 1550 ut
1696 1523 1817 1558 supra
1842 1514 1888 1548 ‘si

402 1580 552 1606 vanum
580 1572 651 1607 aut
679 1571 825 1607 falsum
851 1574 921 1607 aut
950 1571 1088 1607 fictum
1118 1573 1194 1607 est’
1226 1576 1276 1613 (V.
1311 1571 1410 1612 104).

333 1645 349 1680 1
381 1652 521 1687 NEQUE
550 1653 636 1681 MEO
658 1653 782 1681 coam
802 1654 900 1681 assu
919 1653 1160 1688 QUEMQUAM
1180 1652 1399 1681 oAffloREM
1417 1641 1574 1680 melius
1594 1640 1885 1688 ‘quemquam’

284 1728 413 1765 quam
446 1718 483 1756 si
516 1718 678 1756 diceret
711 1718 942 1757 ‘militem’.
964 1719 987 1756 2
1017 1728 1259 1763 QUEMQUAM
1286 1727 1505 1756 GARIOREM
1532 1716 1656 1764 quasi
1678 1715 1886 1753 meretrix

284 1803 370 1832 non
403 1793 580 1832 ‘carum’
614 1793 801 1832 alterum
834 1795 909 1832 sed
945 1795 1185 1833 ‘cariorem’
1219 1795 1362 1841 negat.

340 1870 359 1906 1
404 1879 456 1907 ΕΤ
498 1878 723 1914 QUICQUAM
765 1879 901 1908 HUIUS
946 1880 1040 1908 Fssci
1072 1870 1229 1908 ‘huius’
1263 1868 1461 1907 absolute
1493 1869 1570 1905 aut
1601 1876 1675 1913 per
1708 1866 1888 1909 ἔλλειψιν.

285 1947 333 1983 ut
373 1945 487 1983 desit
531 1941 647 1992 ‘rei’;
689 1941 732 1983 in
774 1945 947 1994 Hecyra
990 1949 1044 1990 (v.
1089 1946 1189 1990 338)
1224 1949 1290 1983 ‘ne
1321 1944 1423 1992 quid
1456 1945 1514 1981 sit
1548 1943 1676 1981 huius
1708 1945 1809 1989 or0⁷,
1842 1942 1883 1978 in

282 2020 781 2059 Heautontimorumeno
807 2023 860 2062 (v,
891 2021 989 2061 571)
1025 2020 1149 2059 ‘nihil
1178 2030 1246 2058 me
1266 2021 1395 2058 istius
1428 2019 1646 2057 facturum
1679 2016 1830 2065 pater'.

455 2094 477 2128 2
516 2094 598 2129 Aut
637 2094 740 2137 ‘quid
780 2094 882 2138 petis
921 2095 1025 2130 istis’
1064 2096 1176 2136 (Aen.
1215 2095 1250 2130 9.
1281 2095 1358 2135 94).
1389 2093 1411 2128 3
1442 2102 1629 2135 Quroomn
1653 2099 1779 2126 HUIUS
1804 2088 1885 2123 ‘rei'

401 2148 721 2184 subaudiendum
752 2150 835 2184 est:
866 2151 971 2192 quod
1000 2158 1092 2184 eum
1123 2149 1275 2185 exclusi
1303 2148 1423 2183 foras.

339 2221 358 2256 1
398 2228 529 2257 spnao
562 2228 855 2258 PROPEMODUM
889 2230 998 2257 nove
1033 2219 1188 2268 ‘spero’
1220 2230 1298 2267 pro
1330 2218 1484 2257 ‘credo'
1519 2218 1587 2255 vel
1635 2214 1827 2254 confido’.
1861 2213 1885 2250 2

283 2304 577 2333 PROPEMODUM
619 2294 714 2333 ideo
757 2295 1114 2344 ‘propemodum’‚
1153 2295 1253 2342 quia
1285 2294 1505 2332 hominem
1540 2292 1711 2340 quidem
1745 2288 1884 2334 novit,

283 2370 359 2408 sed
391 2369 574 2408 fratrem
608 2379 705 2408 esse
739 2370 922 2418 virginis
954 2370 1147 2409 nondum
1181 2369 1395 2418 probavit.

339 2446 358 2483 1
393 2455 508 2483 ADEo
540 2455 734 2484 NOBILEM
767 2446 902 2484 ‘adeo'
936 2456 1012 2494 pro
1044 2447 1218 2484 nimis
1250 2446 1440 2494 positum
1476 2445 1556 2482 est.

453 2519 474 2554 2
508 2520 592 2554 Aut
621 2519 823 2563 expletiva
848 2520 1059 2564 particula.

336 2599 478 2635 ATQUE
505 2600 780 2629 EXSPECTABNJ
808 2601 901 2628 DUM
932 2600 1057 2629 vnum:
1079 2591 1273 2629 futurum
1293 2592 1441 2629 actum
1459 2588 1597 2627 voluit
1613 2585 1883 2634 promittere,

284 2675 369 2704 non
400 2675 484 2713 quo
516 2665 672 2713 aliquis
704 2670 856 2713 gestus
888 2667 946 2703 sit
979 2666 1291 2713 exspectantis.
