2242 3443
351 328 452 363 1015

351 403 452 440 1014

350 784 450 819 1016

350 936 449 973 1017

348 1166 451 1202 1018

349 1242 452 1278 1019

350 1395 453 1430 1020

348 1540 448 1576 1021

351 1739 450 1775 1022

350 2113 452 2150 1023

347 2342 446 2378 1024

393 3083 415 3125 ¹)
442 3081 512 3116 Pro
537 3093 625 3115 non
652 3079 912 3123 corrigendum
939 3078 1087 3113 videtur
1110 3078 1239 3119 ‘iam';
1264 3078 1308 3114 cf.
1333 3078 1486 3113 Wessn.
1509 3079 1546 3114 in
1574 3091 1648 3114 var.
1672 3079 1756 3115 leet.
2163 3058 2166 3110 ι.
2228 3079 2235 3133 f

1189 195 1272 233 228

589 332 684 360 NAM
716 332 819 366 Qum
854 332 880 359 1.
916 333 950 359 0.
987 321 1260 360 adulescenti
1294 321 1475 360 scilicet.

590 399 614 436 3
650 407 694 436 NI
723 408 918 436 ursanum
949 408 998 436 m·
1027 408 1053 436 1.
1084 408 1119 434 P.
1148 407 1174 436 1.
1206 398 1256 436 ad
1287 398 1497 436 invidiam
1528 397 1816 436 Parmenonis
1847 397 2115 438 miserum

527 475 631 513 dicit
673 474 1001 512 adulescentem
1041 483 1089 511 eo
1125 476 1274 521 modo,
1308 484 1392 521 quo
1426 474 1533 512 Iuno
1566 473 1780 512 Venerem
1815 482 2028 512 accusans
2059 473 2120 513 ait

527 550 594 589 ‘an
632 551 815 589 miseros
847 550 920 598 qui
953 549 1089 588 Troas
1119 550 1301 588 Achivis
1327 550 1531 588 obiecit?’
1561 548 1687 596 (Aen.
1721 549 1786 588 10.
1816 549 1885 596 89)
1912 549 1976 588 sic
1998 549 2115 589 enim

528 627 719 675 agimus,
764 636 862 664 cum
907 625 958 663 ab
1003 626 1089 673 his,
1129 626 1201 673 qui
1236 625 1346 664 falso
1379 627 1439 664 rei
1475 628 1597 674 sunt,
1633 626 1675 664 in
1710 628 1914 665 auctores
1946 626 2117 675 culpam

2225 383 2242 452 ,ἐ

527 703 706 741 sceleris
737 711 1031 741 removemus.

587 789 689 824 Qum
732 789 806 816 Es'r
850 788 931 816 IAM
973 787 1062 816 sors
1104 788 1155 815 'ra
1199 787 1235 816 P.
1272 779 1351 816 hoc
1385 788 1471 816 non
1495 773 1525 823 ¹)
1563 778 1844 826 stupentibus
1877 779 2035 818 dicitur
2065 788 2116 818 ac

526 855 768 894 fatentibus
799 854 988 902 culpam.

593 933 610 969 1
658 942 749 969 ΗΕΜ
791 940 894 976 Qum
933 941 972 969 D.
1006 941 1043 987 P.-
1079 940 1193 968 nunc
1226 930 1405 969 demum
1439 929 1660 978 intellegit
1690 931 1908 970 Parmeno
1941 940 1989 970 se
2022 940 2120 970 esse

528 1007 743 1046 delusum.
779 1007 802 1045 2
835 1017 972 1045 ΕΤῙΑΜ
1000 1016 1125 1044 mnas
1153 1008 1335 1054 apparet
1363 1016 1461 1045 eam
1490 1017 1545 1045 ex
1574 1007 1705 1046 huius
1733 1007 1965 1047 stomacho
1993 1008 2122 1046 vehe-

528 1085 722 1123 mentius
753 1083 1028 1122 cachinnare.

589 1171 666 1199 Nos
698 1170 902 1199 mamma
933 1160 1164 1208 superbius
1197 1160 1328 1208 dixit,
1364 1170 1496 1208 quam
1529 1161 1566 1198 si
1600 1161 1765 1200 diceret
1798 1160 1912 1200 ‘me'.

591 1239 610 1275 1
655 1247 863 1282 S1QU1DEM
905 1246 1028 1275 rsruc
1071 1245 1238 1274 IMPUNE
1282 1247 1325 1275 H.
1368 1236 1633 1275 subauditur
1667 1236 1806 1275 ‘tuum
1840 1236 2059 1275 nimium’.
2091 1236 2116 1275 2

526 1323 676 1351 VERUM
707 1312 931 1352 irridentis
963 1312 1252 1361 interrogatio
1284 1314 1367 1351 est.

587 1400 664 1428 san
707 1400 752 1428 IN
794 1399 901 1427 DIEM
944 1399 1067 1427 1s‘rUc
1099 1399 1138 1429 1².
1171 1399 1209 1427 E.
1244 1399 1282 1427 F.
1316 1398 1354 1434 Q.
1388 1399 1433 1427 M.
1469 1388 1511 1427 in
1544 1388 1723 1437 longam
1757 1387 2028 1428 dilationem.
2062 1390 2116 1433 (a)

694 1474 718 1499 a
748 1463 863 1499 Unde
890 1463 1075 1499 dilatio
1103 1464 1166 1498 est
1194 1463 1299 1499 dicta
1328 1462 1429 1499 diei
1458 1463 1701 1508 prolatio.

589 1536 607 1573 1
643 1546 699 1574 TU
732 1545 813 1573 IAM
846 1545 884 1574 P.
919 1534 1037 1573 ‘iam’
1071 1534 1255 1573 nimiam
1289 1534 1572 1574 velocitatem
1606 1533 1841 1583 significat.

697 1610 720 1645 3
749 1619 960 1645 NOBILITAS
990 1610 1089 1646 duas
1118 1618 1182 1645 res
1210 1609 1409 1653 significat
1437 1608 1578 1645 simul:
1610 1610 1651 1645 et
1679 1608 1789 1653 cogis
1812 1608 1941 1645 facere
1964 1607 2115 1652 flagitia

640 1666 680 1700 et
707 1664 918 1700 facientem
947 1663 1109 1700 indicas.
2167 1666 2171 1668 ’

2235 1727 2242 1744 Ι

589 1737 607 1774 1
644 1745 843 1781 UTERQUE
875 1746 912 1774 E.
941 1747 970 1774 1.
998 1745 1035 1774 T.
1064 1745 1102 1773 E.
1131 1744 1247 1774 nova
1274 1736 1319 1773 et
1346 1735 1459 1774 mira
1485 1735 1727 1784 tormenta,
1746 1743 1857 1782 quae
1875 1743 1951 1783 pro
1969 1743 2113 1773 exem·
2235 1745 2242 1796 q

526 1811 610 1860 plis
642 1813 878 1850 narrantur
911 1813 987 1850 aut
1018 1820 1130 1859 quae
1161 1811 1428 1850 documento
1459 1811 1549 1849 sint
1575 1811 1734 1850 ceteris
1762 1820 1816 1850 ne
1842 1809 2114 1860 delinquant,
2220 1798 2242 1854 kl

527 1887 788 1936 exempla
830 1887 1047 1926 dicuntur.
1093 1887 1116 1925 2
1151 1886 1205 1925 Et
1238 1886 1394 1926 ‘edent'
1430 1888 1473 1925 et
1505 1886 1632 1926 ‘edet'
1665 1884 1850 1935 legitur;
1883 1886 1923 1925 si
1957 1885 2114 1925 ‘edent'

527 1961 762 2012 figuratum
796 1965 886 2010 est;
921 1963 957 2001 si
993 1962 1119 2001 ‘edet’
1153 1964 1338 2001 rectum.

696 2037 718 2072 3
749 2037 798 2072 Et
826 2036 916 2081 plus
945 2038 1009 2073 est
1038 2036 1154 2072 ‘edet'
1184 2046 1304 2081 quam
1333 2037 1483 2073 ‘dabit’.

593 2112 610 2147 1
648 2099 817 2147 NuLnus
849 2119 936 2147 sum
970 2110 1049 2147 hoc
1082 2119 1233 2147 secum
1268 2108 1497 2148 Parmeno.
1533 2109 1558 2147 2
1592 2119 1666 2148 HIC
1699 2118 1779 2147 Pac
1811 2118 1909 2147 1LLO
1934 2117 2113 2147 MUNERE:

527 2196 642 2223 carr.
685 2184 899 2234 εἰρωνικῶς
942 2187 986 2224 et
1020 2190 1319 2234 μεταφορικῶςε
1354 2195 1430 2233 pro
1463 2195 1646 2224 munere
1677 2187 1722 2224 et
1754 2185 1893 2224 honos
1926 2183 2113 2224 muneri-

525 2261 689 2310 gerulis
721 2260 919 2310 praeberi
950 2260 1076 2300 solet.

590 2341 606 2375 1
644 2347 814 2375 EGOMET
846 2347 932 2376 MEO
965 2347 992 2375 1.
1027 2347 1072 2375 M.
1107 2346 1237 2382 QUASI
1271 2346 1408 2376 soREx
1441 2347 1485 2376 H.
1519 2346 1634 2375 ΡΕΒῙῙ
1667 2337 1889 2386 proprium
1921 2337 2109 2376 soricum
2182 2376 2184 2410 j
2215 2352 2219 2373 .·

523 2416 591 2453 est
627 2410 696 2453 vel
728 2414 912 2452 stridere
945 2413 1108 2452 clarius
1139 2423 1271 2462 quam
1305 2423 1456 2452 mures
1491 2413 1558 2452 vel
1590 2416 1785 2463 strepere
1817 2413 1979 2462 magis,
2011 2422 2108 2452 eum
2180 2418 2183 2472 f
2230 2427 2237 2453 ¹.

523 2489 737 2528 obrodunt
769 2489 947 2539 frivola3
983 2489 1036 2527 ad
1067 2499 1199 2537 quam
1233 2499 1387 2528 vocem
1422 2489 1550 2528 multi
1583 2500 1631 2528 se
1656 2489 1938 2528 intendentes
1963 2498 2110 2537 quam·
2178 2474 2181 2546 ξ
2232 2498 2236 2522 τ

524 2565 591 2603 vis
622 2575 697 2614 per
728 2565 933 2603 tenebras
965 2565 1106 2604 noctis
1139 2564 1407 2613 transfigunt
1440 2575 1537 2604 eos:
1570 2565 1754 2605 Plautus
1786 2564 2111 2605 ‘confossiorem
2176 2549 2180 2631 Ι
2231 2572 2237 2601 ³

523 2644 566 2679 te
606 2641 766 2680 faciam
799 2641 987 2680 soricina
1019 2641 1162 2679 nenia’
1196 2641 1285 2684 (Ba.
1321 2651 1360 2679 v.
1395 2638 1520 2689 889);
1555 2642 1580 2680 3
1609 2651 1727 2681 nunc
1754 2641 1914 2690 repetit
1937 2649 2110 2690 prover·
2174 2661 2176 2706 Ι
2213 2629 2234 2663 ”

2173 2710 2175 2727 l

523 2717 643 2755 bium
676 2717 720 2755 in
753 2727 828 2755 eos
860 2717 933 2764 qui
964 2717 1046 2765 ipsi
1079 2727 1126 2755 se
1160 2717 1362 2766 produnt.
1396 2719 1450 2757 (a)
2172 2731 2175 2778 Ι

2223 1281 2233 1342 απ..
2225 1237 2233 1270 ..η
2224 1151 2236 1214 αν·-
2224 993 2239 1140 muz-nn}
2223 923 2227 925 ’
2217 879 2221 901 ’Ὦ
2216 857 2221 869 ⁴
2217 821 2223 831 ‘
2219 747 2221 755 ’
2219 725 2221 735 μ

695 2791 716 2825 2
756 2800 874 2831 QuAsr
912 2799 1040 2826 sorta-x
1074 2800 1198 2826 nonu:
1227 2799 1338 2826 PERH
1366 2790 1460 2834 quia
1486 2790 1610 2827 latere
1639 2791 1772 2836 potuit
1800 2799 1874 2826 nec
1904 2788 2045 2835 occidi,
2075 2787 2109 2823 si
2229 2828 2232 2829 ⁷

638 2847 802 2880 taceret.
844 2844 865 2879 3
912 2854 936 2878 a
977 2845 1069 2888 quia
1106 2854 1225 2880 sorex
1264 2853 1344 2880 non
1384 2844 1494 2880 facile
1532 2846 1756 2890 caperetur,
1793 2844 1870 2880 nisi
1907 2842 2109 2880 emitteret
2169 2837 2172 2886 Ι
2228 2851 2235 2874 J

638 2908 775 2934 vocem
804 2899 939 2935 noctu.
2167 2897 2170 2951 f
