2242 3443
144 725 221 761 656

145 1049 222 1085 658

146 1233 224 1269 660

147 1309 221 1345 661

147 1461 224 1497 663

148 2034 224 2071 664

147 2110 223 2147 665

148 2262 224 2297 666

144 2565 217 2602 667

1019 248 1071 286 81

291 369 414 417 audi;
442 371 540 409 aut:
570 370 705 409 immo
732 371 866 409 etiam
895 371 977 410 hae
1006 372 1182 420 nuptiae
1210 382 1295 411 non
1323 372 1643 421 apparabantur
1669 374 1794 423 mihi,
1818 385 1902 422 quo

291 446 385 494 ipso
412 446 559 485 minus
585 447 633 485 tu
660 447 748 485 scis
775 457 1010 486 aerumnas
1037 458 1177 497 meas,
1212 448 1254 486 id
1282 451 1369 486 est:
1398 448 1534 487 falsae
1561 450 1735 497 nuptiae
1762 452 1901 498 erant,

291 531 402 569 quae
432 532 504 560 res
537 523 580 560 te
612 522 753 571 magis
783 522 897 561 fallit
928 523 1144 571 irascique
1175 524 1285 562 mihi
1318 524 1431 572 cogit
1463 524 1633 563 merito.

466 596 488 631 2
513 606 613 632 mmo
637 606 761 632 ETIAM
777 597 890 633 deest
906 597 1036 633 ‘audi‘.
1053 597 1075 633 3
1093 607 1169 639 QUO
1185 608 1309 633 umus
1327 608 1380 633 TU
1396 607 1477 633 sc1s
1493 598 1596 641 ‘quo’
1612 598 1648 633 id
1675 600 1736 635 est
1752 609 1774 642 q
1787 609 1811 634 u
1825 609 1846 634 ο
1857 600 1878 634 d
1892 609 1900 643 ;

413 651 453 685 et
482 651 594 686 deest
623 650 756 686 ‘audi’.

296 731 300 734 ·
349 722 368 759 1
411 731 503 759 HAE
545 731 737 760 NUPTrAn
769 722 927 770 legitur
973 724 1018 761 et,
1059 722 1183 762 ‘haec
1224 723 1431 771 nuptiae’,
1475 723 1540 761 sic
1582 723 1698 761 enim
1733 725 1902 762 veteres

293 796 513 836 dixerunt.

463 871 485 905 2
509 881 590 908 NON
614 863 943 909 APPARABANTUR
971 883 993 909 a
1004 883 1059 917 pp
1072 883 1095 908 a
1110 883 1128 908 r
1140 873 1213 908 ari
1229 883 1319 908 cum
1335 872 1468 909 dativo
1484 882 1580 908 casu
1596 873 1777 908 iunctum
1796 882 1898 908 sem-

411 935 481 1014 {er
506 927 669 1015 3{adem
698 928 738 963 et
766 927 983 972 perniciem
1013 927 1228 973 significat,
1259 928 1304 963 ut
1334 927 1446 962 ‘mihi
1473 936 1586 962 sacra
1614 926 1756 970 parari’
1788 929 1902 967 (Aen.

442 1008 448 1016 .
481 982 498 1016 1
559 985 583 1024 ).

465 1060 517 1086 TU
550 1060 725 1086 COACTUS
755 1060 835 1086 TUA
864 1060 1102 1087 VOLUNTATE
1130 1050 1193 1086 hic
1221 1051 1283 1086 est
1311 1050 1532 1086 accusatio:
1560 1049 1623 1084 ille
1652 1049 1758 1084 enim
1788 1058 1900 1084 excu-

411 1105 476 1139 sat
504 1114 573 1149 per
600 1104 932 1149 imprudentiam,
953 1105 1016 1141 hic
1040 1105 1174 1149 arguit
1198 1104 1473 1147 voluntatem;
1499 1104 1573 1140 hoc
1598 1113 1692 1147 ergo
1717 1103 1827 1138 dicit:
1856 1113 1901 1139 eo

412 1159 595 1202 gravius,
624 1160 728 1203 quod
758 1159 867 1196 nullo
898 1160 1085 1205 cogente,
1111 1159 1296 1203 peccasti.

351 1239 435 1267 CUR
466 1240 525 1268 ME
557 1240 723 1269 ENECAs
757 1229 941 1270 ‘enecas'
974 1231 1214 1270 excrucias.

352 1315 537 1344 ms‘rARE
562 1317 618 1345 UT
635 1317 825 1345 DICEREM
845 1337 854 1347 .
875 1336 882 1345 .
904 1337 911 1345 .
931 1316 1130 1345 SUADERE
1148 1316 1290 1344 ORARE
1309 1306 1500 1344 ‘instare’
1514 1300 1731 1344 ‘suadere’
1752 1303 1902 1343 ‘orare’

294 1383 449 1429 quarto
481 1382 589 1421 nihil
622 1384 770 1431 potest
801 1393 912 1421 esse.

356 1461 374 1496 1
409 1468 554 1496 DAvus
584 1468 888 1497 INTERTURBAT
911 1454 936 1498 1)
971 1458 1146 1497 ‘Davus’
1180 1468 1279 1496 curn
1312 1456 1598 1495 admiratione
1631 1456 1904 1504 pronuntian-

294 1533 411 1572 dum.
446 1534 470 1571 2
505 1544 810 1572 INTERTURBAT
844 1535 1011 1583 deerat,
1045 1535 1094 1573 ut
1126 1535 1169 1572 et
1201 1533 1270 1572 hic
1304 1532 1478 1570 ‘Davus'
1507 1532 1685 1580 diceret,
1714 1532 1788 1569 sed
1807 1531 1903 1579 plus

295 1609 447 1647 intulit,
487 1609 793 1649 ‘interturbat’.
838 1611 863 1649 3
907 1610 960 1648 Et
995 1609 1136 1648 ‘inter’
1169 1608 1298 1648 modo
1331 1606 1640 1656 pronuntiabat
1674 1606 1859 1645 habetur
1877 1601 1904 1651 ²)

297 1684 568 1734 significatio,
597 1687 664 1724 est
697 1686 814 1724 enim
846 1686 1023 1724 auctiva
1055 1684 1288 1733 particula,
1324 1687 1370 1722 ut
1402 1683 1584 1722 Plautus
1617 1682 1901 1730 ‘interfectus,

293 1760 596 1810 interemptus’
629 1762 758 1803 (Mero
788 1762 902 1807 833).
941 1763 964 1800 5
992 1771 1141 1799 ΝΕεοΙο
1168 1760 1270 1808 quia
1297 1759 1501 1798 irascitur
1517 1758 1651 1807 Davo,
1671 1759 1780 1796 dixit
1799 1757 1903 1796 ‘nes-

297 1837 401 1885 cio’;
435 1837 626 1886 alioquin
659 1838 756 1877 scit.

468 1912 491 1946 4
521 1911 594 1947 Vel
633 1911 761 1947 ‘inter’
791 1912 909 1948 modo
936 1920 1008 1956 pro
1038 1920 1140 1955 per,
1169 1911 1215 1945 ut
1244 1910 1306 1945 ille
1336 1909 1455 1944 ‘hunc
1482 1908 1586 1944 inter
1613 1907 1734 1942 fluvio
1763 1906 1902 1942 Tiberi-

411 1975 489 2001 nus
519 1975 689 2002 amoeno
707 1966 821 2003 ...in
851 1975 961 2001 mare
990 1964 1110 2009 pror.’
1140 1964 1238 2005 (Aen
1270 1961 1387 2005 730).

464 2045 546 2071 NISI
574 2046 666 2072 MIHI
695 2046 793 2071 meos
822 2045 961 2071 Fmssm
989 2043 1135 2070 IRATos
1165 2035 1278 2069 deest
1307 2032 1424 2076 ‘quia’
1452 2033 1498 2067 ut
1526 2031 1598 2066 sit:
1630 2029 1706 2066 nisi
1735 2030 1836 2073 quia.

347 2117 522 2146 FAOTUM
555 2118 639 2146 Hoc
665 2118 740 2146 EST
768 2118 884 2146 DAVE
912 2117 996 2145 non
1023 2105 1136 2153 quod
1153 2115 1240 2143 non
1257 2104 1406 2143 credat
1423 2103 1678 2149 interrogat,
1700 2101 1775 2139 sed
1792 2100 1902 2148 quod

294 2182 502 2231 increpet.

317 2306 321 2313 Ι
349 2269 406 2297 Ar
438 2270 526 2297 TIBI
556 2270 601 2297 Dr
633 2269 804 2297 menum
835 2268 986 2296 FAcrrs
1017 2267 1201 2295 EXITIUM
1229 2266 1361 2294 DUIN'J:
1390 2254 1460 2293 ‘at‘
1489 2253 1744 2302 principium
1773 2252 1902 2289 incre-

293 2335 456 2382 pationi
498 2336 669 2384 aptum,
717 2335 762 2373 ut
802 2333 1020 2382 Vergilius
1055 2333 1114 2371 ‘at
1145 2331 1224 2370 tibi
1257 2341 1332 2379 pro
1365 2324 1542 2368 scelere'
1575 2329 1695 2369 (Aen.
1730 2328 1767 2365 2.
1802 2325 1901 2364 535)

293 2412 336 2449 et
368 2410 577 2449 Horatius
611 2409 670 2449 ‘at
702 2420 726 2449 o
753 2411 934 2449 deorum
962 2408 1165 2457 quicquid
1191 2407 1235 2445 in
1263 2406 1381 2446 caelo
1408 2405 1521 2453 regit
1547 2406 1686 2442 terras
1713 2403 1756 2441 et
1782 2402 1822 2439 h.
1846 2400 1901 2448 g.’

294 2486 383 2535 (Ep.
417 2488 456 2525 5.
493 2489 546 2535 1),

349 2563 369 2600 1
404 2572 489 2600 mro
524 2572 594 2600 mc
627 2571 728 2600 mm
762 2560 870 2600 ‘eho’
904 2558 1150 2598 interiectio
1178 2559 1246 2596 est
1270 2555 1563 2595 intentionem
1593 2551 1806 2592 audientis
1832 2560 1898 2588 ex-

290 2648 489 2686 poscens
524 2639 549 2677 3
583 2649 622 2677 SI
654 2648 796 2677 OMNES
826 2646 947 2676 Hunc
979 2644 1222 2674 comECTUM
1254 2642 1353 2672 cum
1385 2631 1480 2670 odio
1513 2630 1593 2668 hoc
1625 2625 1899 2676 pronuntian-

295 2713 396 2752 dum
430 2716 512 2754 est.
544 2719 598 2762 (α)

465 2789 487 2824 2
524 2786 548 2810 *
584 2798 649 2824 1)Ιο
683 2797 776 2823 MIHI
805 2795 964 2831 semper
992 2787 1036 2820 τὸ
1065 2784 1124 2820 dic
1152 2783 1250 2818 mihi
1278 2781 1519 2816 iniuriosum
1548 2779 1630 2824 est,
1659 2778 1706 2811 ut
1733 2775 1795 2810 ille
1824 2773 1898 2809 ‘dic

411 2842 524 2887 mihi,
554 2842 761 2879 Damoeta’
793 2840 885 2884 (Ecl.
915 2840 1007 2882 3.1).
1039 2838 1060 2873 3
1089 2848 1113 2873 a
1137 2837 1225 2873 ideo
1254 2833 1507 2870 ‘coniectum'
1537 2831 1647 2867 dixit.

193 3069 218 3113 ¹)
242 3069 441 3106 Glossema
464 3071 714 3106 ‘interturbat’
737 3070 785 3105 ab
810 3067 1021 3104 editoribus
1044 3067 1238 3101 remotum.
1879 3107 1887 3118 '

187 3121 214 3165 ²)
254 3122 436 3159 Wessner
466 3124 587 3160 dedit:
611 3123 824 3169 ‘pronuntia
842 3124 882 3157 ut
902 3119 1123 3159 adiuvetur',
1137 3123 1236 3153 reete
1250 3115 1323 3151 nisi
1338 3115 1430 3150 forte
1444 3114 1612 3158 praestat
1624 3112 1674 3145 ‘ut
1692 3110 1877 3152 augeatur
1891 3133 1899 3141 .

217 3182 374 3220 Karsten,
393 3184 481 3213 Com.
500 3184 582 3213 Don.

1773 3168 1790 3194 6
