2242 3443
143 474 220 511 289

139 822 216 858 290

139 912 213 949 291

135 1625 211 1661 292

135 2014 211 2051 293

135 2182 211 2219 295

133 2547 210 2585 294

132 2715 208 2753 295

996 208 1048 246 41

437 330 454 364 l
482 340 528 365 ET
557 340 610 365 AD
639 340 874 366 PUDIGLTIAM
904 332 995 375 quia
1023 332 1219 368 ‘formam’
1252 334 1370 378 dixit,
1397 344 1442 368 ΕΤ
1479 343 1531 367 AD
1558 344 1637 368 REM
1670 344 1887 369 TUTANDAM

381 384 473 426 quia
501 384 599 419 dixit
630 384 846 421 ‘aetatem’.

347 471 371 508 2
405 481 486 509 PER
518 481 638 510 HANG
670 482 908 510 DEXTERAM
940 473 1061 511 tenet
1092 483 1207 521 eam,
1244 476 1290 512 ut
1323 475 1514 522 apparet.
1544 476 1567 511 4
1596 485 1645 512 ET
1674 485 1889 514 1NGEN1UM

288 545 449 594 legitur
481 548 523 585 et
556 547 778 595 ‘genium’-

436 621 454 656 1
496 631 600 663 QUOD
637 631 684 657 TE
717 632 793 657 PER.
830 631 939 657 HANG
972 631 1190 658 DEXTERAM
1220 623 1349 667 ‘quod'
1381 624 1542 667 propter
1575 625 1694 668 quod,
1726 626 1769 659 ut
1800 624 1891 659 Vor-

379 674 497 718 gilius
527 675 643 719 ‘quod
673 677 714 711 te
743 685 812 720 per
841 676 1024 719 superos'
1051 676 1166 717 (Aen.
1196 677 1230 711 2.
1263 676 1352 717 141)
1399 677 1420 712 3
1445 687 1520 712 PER
1543 687 1651 712 HANG
1675 687 1889 713 DEXTERAM

377 728 466 764 fidei
495 730 535 764 et
563 729 730 765 foederis
759 731 985 765 membrum
1015 731 1056 765 et
1083 740 1248 766 manum
1277 731 1566 767 conventionis.

338 827 419 855 PER
449 827 585 855 mnus
616 827 908 856 SOLITUDINEM
941 817 1099 866 legitur
1132 820 1174 857 et
1207 817 1592 857 ‘sollicitudinem'.

339 909 364 947 3
396 909 512 957 <NE
538 919 621 947 ΑΒΕ
648 920 699 947 ΤΕ
727 919 847 948 HANG
876 920 1092 949 SEGREeEs
1114 921 1201 948 NEU
1219 911 1469 958 DESERAs>
1486 911 1567 949 hoc
1584 913 1672 949 est:
1691 921 1744 948 ne
1763 909 1893 948 aliam

284 983 418 1023 ducas
465 986 540 1023 aut
588 995 736 1024 amare
784 985 982 1035 desinas,
1026 986 1202 1025 etiamsi
1244 996 1328 1024 non
1348 983 1371 1029 ι)
1415 986 1547 1024 ducas
1583 985 1727 1024 aliam.
1773 987 1794 1024 7
1843 996 1893 1022 TE

287 1070 502 1100 OBTESTOR
542 1061 719 1100 sextum
760 1059 972 1111 παρέλκον,
1017 1062 1128 1100 dixit
1172 1062 1288 1100 enim
1330 1062 1417 1100 iam
1462 1061 1588 1109 ‘quod
1632 1070 1708 1108 ego
1746 1062 1788 1098 te
1820 1070 1894 1108 per

286 1136 400 1175 hanc
437 1136 665 1174 dexteram
699 1146 788 1175 oro.
822 1139 877 1179 (v,
913 1137 1026 1181 289).

432 1211 450 1245 1
479 1219 679 1246 OBTESTOR
708 1211 1002 1247 obtestatio
1025 1211 1185 1255 dicitur,
1212 1211 1368 1254 quando
1392 1220 1483 1246 eum
1507 1211 1751 1254 adimamus,
1775 1219 1892 1253 quem

375 1273 567 1308 rogamus
604 1274 673 1308 per
710 1274 778 1301 eas
816 1274 899 1310 res,
940 1266 1103 1309 propter
1141 1274 1239 1308 quas
1268 1275 1481 1309 rogamus,
1511 1267 1555 1300 ut
1584 1264 1782 1309 Vergilius
1812 1263 1894 1307 'per

377 1328 564 1363 eversae,
608 1329 644 1363 g.
689 1317 713 1354 f.
757 1318 799 1354 T.
843 1328 876 1354 e.
916 1319 964 1354 o.’
1008 1320 1120 1361 (Aen.
1169 1319 1226 1354 lO.
1267 1317 1345 1368 45).
1387 1319 1407 1353 2
1454 1326 1476 1339 T
1512 1328 1563 1353 NE
1601 1328 1674 1353 ΑΒΕ
1709 1328 1758 1352 Tm
1784 1326 1891 1352 HANG

378 1381 575 1408 SEGREGES
612 1382 652 1408 N.
681 1382 719 1408 D.
749 1372 797 1408 ad
827 1372 970 1408 ‘fidem’
1000 1372 1062 1409 ‘ne
1091 1372 1293 1416 segreges'
1323 1371 1497 1414 rettulit,
1526 1373 1572 1408 ad
1610 1371 1891 1408 ‘solitudinem'

377 1425 469 1462 ‘neu
507 1426 695 1463 deseras’.
734 1426 756 1460 4
793 1435 844 1462 NE
880 1435 955 1462 ΑΒΕ
981 1436 1016 1461 T.
1045 1436 1087 1462 H.
1117 1427 1232 1470 quasi
1258 1427 1389 1471 ipsam
1419 1428 1637 1461 amantem.
1670 1427 1691 1461 5
1722 1434 1830 1460 HANG
1859 1435 1889 1459 s.

377 1480 543 1525 propter
570 1479 745 1517 formam
775 1481 815 1516 et
839 1482 1037 1524 aetatem,
1076 1501 1110 1505 ——
1149 1481 1171 1516 6
1201 1490 1400 1516 SEGREGES
1424 1481 1498 1515 hoc
1526 1481 1692 1516 verbum
1721 1478 1890 1523 simplex

373 1534 456 1570 fieri
483 1544 564 1571 non
594 1536 741 1579 potest.
767 1554 817 1559 —-
842 1544 923 1570 NEU
951 1544 1128 1570 DESERAS
1158 1536 1320 1579 propter
1349 1544 1538 1571 amorem.

338 1623 358 1659 1
393 1632 432 1660 SI
464 1632 515 1660 TE
549 1632 594 1660 [N
626 1632 826 1661 GERMANI
857 1632 1042 1661 FRATRIS
1076 1621 1140 1660 ‘si’
1174 1624 1277 1661 tunc
1305 1622 1493 1661 dicimus
1520 1621 1687 1669 quando
1716 1620 1891 1669 praesti-

282 1697 419 1736 timus
462 1697 625 1745 aliquid
669 1699 713 1736 et
754 1699 905 1737 tamen
946 1698 1156 1737 nolumus
1198 1698 1478 1747 exprobrare,
1512 1698 1560 1735 ut
1592 1696 1807 1744 Vergilius
1841 1694 1891 1733 ‘si

280 1783 365 1821 qua
394 1773 484 1811 tuis
515 1769 742 1821 umquam’
772 1775 874 1812 cett.
902 1775 945 1812 el:
971 1773 1074 1812 alibi
1102 1773 1151 1812 ‘si
1179 1773 1287 1812 bene
1314 1773 1414 1821 quid
1443 1773 1492 1811 de
1520 1774 1562 1811 te
1588 1771 1741 1810 merui'
1770 1770 1889 1815 (Aen.

284 1859 322 1897 q.
356 1849 456 1898 496,
490 1850 529 1888 4.
565 1850 680 1894 317).

427 1923 449 1957 2
479 1932 521 1958 IN
549 1932 733 1958 GERMANI
760 1932 933 1959 FRATms
962 1932 1034 1959 nec
1063 1923 1224 1958 ‘fratris'
1252 1923 1402 1967 solum,
1429 1923 1497 1958 sed
1522 1923 1641 1957 etiam
1672 1919 1889 1964 ‘germani’.

334 2020 430 2049 SIVE
458 2021 575 2049 HAEC
603 2021 655 2049 TE
672 2021 814 2049 SOLUM
842 2011 880 2050 si
907 2015 982 2050 aut
1010 2012 1119 2050 mihi
1147 2021 1315 2059 quoque
1343 2013 1385 2050 te
1406 2009 1613 2059 praetulit
1630 2010 1705 2047 aut
1722 2007 1889 2046 nullum

281 2085 417 2126 alium
451 2087 624 2126 noverit
656 2089 904 2126 amatorem
938 2087 981 2125 in
1014 2087 1145 2126 domo
1177 2086 1438 2125 meretricis.

338 2180 357 2218 1
403 2190 454 2218 TE
490 2189 574 2217 1ST1
606 2189 746 2217 VIRUM
778 2189 832 2217 Do
864 2179 991 2228 haec,
1027 2181 1073 2217 ut
1105 2179 1298 2218 diximus
1330 2178 1397 2223 (ad
1431 2188 1469 2216 v.
1503 2177 1617 2224 271),
1646 2177 1687 2214 et
1719 2173 1891 2221 singula

280 2256 382 2312 sunt
415 2256 458 2293 eb
490 2264 576 2293 non
610 2254 954 2303 praecipitantur
985 2264 1065 2293 nec
1097 2255 1299 2293 dicuntur
1331 2263 1415 2292 uno
1442 2252 1612 2300 spiritu.
1640 2252 1663 2289 3
1692 2258 1889 2287 TUTOREM

281 2330 405 2379 quasi
437 2331 586 2380 orbae,
620 2341 795 2369 PATREM
828 2331 953 2378 quasi
984 2340 1157 2379 parvae.

428 2404 450 2438 2
479 2414 635 2440 AMICUM
665 2415 851 2440 TUTOREM
879 2414 1039 2440 PATREM
1068 2406 1205 2449 potest
1234 2404 1339 2440 enim
1369 2405 1408 2438 et
1437 2402 1607 2437 maritus
1633 2408 1722 2436 esse
1747 2399 1785 2433 et
1810 2405 1887 2432 non

557 2459 730 2503 amicus3
761 2460 831 2494 sed
864 2460 1010 2499 <ad>
1041 2458 1228 2494 affectum
1258 2457 1390 2494 mariti
1418 2455 1586 2492 rettulit.

332 2555 413 2583 SEU
452 2556 539 2584 T1131
581 2556 808 2585 MORIGERA
851 2557 950 2585 FUIT
993 2547 1075 2585 hoc
1117 2546 1242 2593 quasi
1285 2544 1470 2592 amanti,
1504 2544 1553 2582 ut
1584 2541 1656 2580 ille
1689 2539 1783 2578 ‘fuit
1814 2536 1888 2575 aut

280 2620 358 2659 tibi
389 2621 625 2670 quicquam
658 2622 784 2661 dulce
817 2623 894 2661 m.’
941 2622 1063 2667 (Aen.
1095 2622 1135 2660 4.
1174 2622 1288 2665 317).

333 2714 358 2752 6
390 2723 442 2751 ΤΕ
484 2723 568 2752 ISTI
601 2724 742 2753 v1RUM
781 2724 835 2752 Do
868 2725 911 2752 A.
946 2725 984 2753 T.
1018 2724 1054 2752 P.
1091 2714 1289 2762 apparet,
1323 2711 1434 2759 quod
1469 2711 1653 2757 iungens
1686 2705 1887 2744 dexteras

280 2788 388 2827 haec
422 2788 607 2828 dicebat.
641 2787 713 2839 (α).

425 2862 448 2896 4
475 2861 676 2898 ‘Virum’
703 2863 766 2898 ‘ne
795 2863 1002 2906 segreges'
1024 2861 1265 2898 ‘amicum'
1292 2862 1354 2896 ‘ne
1378 2857 1560 2901 deseras',
1578 2859 1617 2893 et
1635 2857 1777 2898 <ad>
1795 2856 1887 2891 illud

370 2916 473 2958 quod
511 2917 567 2951 ait
605 2916 665 2952 ‘ad
704 2916 951 2961 pudicitiam'
993 2915 1232 2959 ‘patrem’.
1272 2915 1293 2949 5
1329 2912 1536 2950 Conclusio
1564 2920 1632 2954 per
1657 2910 1887 2945 mandatum

368 2970 409 3004 et
436 2969 749 3006 obtestationem
773 2969 914 3005 efficax
941 2969 1055 3004 satis.
1084 2969 1106 3004 6
1132 2978 1157 3003 a
1179 2968 1266 3003 ideo
1290 2968 1330 3003 et
1355 2976 1476 3011 supra
1502 2968 1550 3005 (v.
1577 2964 1666 3003 289)
1689 2965 1770 3007 ‘per
1785 2963 1823 2998 h.
1840 2963 1887 2998 d.'

180 3072 203 3116 ¹)
227 3072 380 3108 Wessn.
406 3073 538 3109 ‘nunc’.
