2242 3443
323 444 397 480 937

324 1278 400 1314 938

327 1577 404 1614 939

330 2471 412 2508 940

332 2997 406 3033 941

1176 189 1255 228 108

648 317 661 350 1
696 325 829 357 mimum
857 325 899 350 m
929 325 1054 350 ASIAM
1083 324 1118 350 P.
1149 315 1248 350 bene
1279 313 1331 349 ‘in
1358 313 1524 358 Asiam’,
1551 314 1617 349 ubi
1641 313 1789 349 bellurn
1805 323 1884 349 non
1901 315 2005 360 erat,
2023 316 2094 351 sed

591 369 629 404 iu
661 369 840 405 Graecia.

533 442 552 478 1
589 451 666 479 vix
697 451 784 480 sum
817 451 936 480 APUD
968 451 1027 481 ME
1056 441 1136 479 hoc
1165 441 1233 479 est
1259 441 1570 489 argumentum
1589 439 1862 487 sapientibus
1879 439 2095 479 laetitiam

473 516 784 556 vehementem
819 518 863 555 in
897 517 1023 557 bonis
1055 517 1389 565 moderandam,
1422 526 1522 555 cum
1551 525 1666 554 unus
1693 516 1876 563 quisque
1903 516 2098 564 gaudens

472 593 533 631 ita
571 592 868 641 perturbetur,
905 595 953 631 ut
985 593 1097 641 apud
1132 603 1178 631 se
1211 593 1356 641 ipsum
1385 593 1474 630 iam
1501 601 1586 630 non
1614 592 1686 630 sit.
1717 592 1740 630 2
1771 602 1846 630 vix
1873 602 1960 630 SUM
1976 602 2096 631 APUD

469 679 527 707 ΜΕ
571 679 657 708 non
696 680 795 708 sum
830 669 940 717 apud
976 679 1065 718 me,
1101 669 1420 708 consuetudine
1453 668 1598 716 magis
1630 678 1763 716 quam
1796 668 1967 707 ratione
1997 668 2098 707 dici·

475 748 558 784 tur.
594 752 647 792 (α)
683 747 707 784 3
740 756 912 784 ANIMUS
945 755 1176 784 commorus
1209 755 1284 783 EST
1312 755 1431 783 METU
1460 755 1536 783 SPE
1564 754 1730 782 GAumo
1759 744 1843 784 duo
1871 743 2098 784 carnifices

470 821 720 860 futurarum
750 831 921 860 rerum:
957 831 1087 870 spes
1116 823 1159 860 et
1186 824 1391 870 metus,
1422 820 1582 859 dolor
1610 820 1726 860 enim
1761 821 1803 858 et
1836 820 2096 869 gaudium

473 899 772 946 praesentium
815 908 964 936 reruni
1008 897 1353 946 intelleguntur:
1393 896 1614 944 Vergilius
1649 896 1764 935 ‘hinc
1793 898 1999 936 metuunt
2030 907 2099 936 cu-

472 974 682 1023 piuntque
723 974 806 1013 dol.
842 974 986 1022 gaud.’
1019 975 1145 1019 (Aen.
1180 976 1219 1014 6.
1258 975 1372 1022 733),
1407 973 1484 1012 sed
1518 973 1768 1012 dolorem
1802 973 1871 1012 hic
1902 973 1946 1012 in
1979 973 2099 1013 laeti-

472 1050 535 1089 tia
571 1060 657 1089 non
694 1051 862 1099 posuit;
900 1055 925 1089 4
958 1053 1000 1089 et
1033 1051 1144 1089 mire
1178 1050 1377 1089 ordinem
1412 1049 1632 1089 servavit:
1667 1050 1730 1089 sic
1762 1050 1878 1089 enim
1913 1059 1961 1088 se
1993 1049 2101 1089 haec
2156 1043 2160 1046 ’

474 1127 666 1166 invicem
700 1128 960 1174 sequuntur.

646 1201 667 1236 2
697 1211 722 1236 α
751 1199 773 1221 *
799 1202 870 1237 aut
894 1201 997 1237 forte
1022 1201 1079 1237 sie
1104 1201 1216 1247 dicit,
1241 1201 1357 1245 quasi
1373 1201 1514 1237 abierit
1531 1201 1748 1248 animus-et
1763 1209 1908 1236 rursus
1923 1199 2100 1237 redierit.

531 1274 551 1311 1
586 1272 637 1310 Ec
670 1270 896 1319 ἀσυνδέτως
929 1273 1291 1321 distinguendum
1324 1275 1392 1311 est
1425 1271 1517 1322 ‘spe
1549 1273 1739 1322 gaudio’,
1783 1275 1831 1311 ut
1858 1272 2100 1322 separatim

473 1350 689 1388 inferatur
723 1348 936 1388 ‘mirando
969 1350 1096 1388 tanto
1128 1349 1212 1388 hoc
1243 1350 1336 1387 tam
1370 1359 1458 1398 rep.
1488 1349 1543 1388 b.’
1576 1350 1600 1387 2
1628 1358 1829 1388 MIRANDO
1846 1358 1989 1388 ΤΑΝΤΟ
2009 1347 2099 1387 ‘mi-

476 1426 626 1465 rando’
660 1426 765 1465 dum
798 1426 948 1465 miror.
982 1429 1034 1473 (α)

651 1501 668 1536 1
701 1511 726 1535 α
754 1502 794 1536 et
824 1503 887 1536 est
917 1500 1186 1545 participium.

539 1574 559 1611 1
604 1582 660 1611 NB
699 1582 833 1611 ISTAM
865 1583 1026 1611 Mumls
1059 1571 1143 1612 ‘ne’
1177 1572 1333 1611 nimis:
1369 1571 1517 1612 Cicero
1551 1576 1620 1611 ‘ne
1650 1572 1727 1611 isti
1759 1582 1800 1611 v.
1833 1572 1885 1611 e.’
1918 1570 2025 1614 (Cat.
2059 1572 2099 1610 2.

476 1650 538 1702 6),
579 1649 817 1688 Sallustius
850 1651 919 1688 ‘ne
953 1650 1039 1688 ista
1071 1649 1197 1688 nobis
1229 1649 1523 1688 mansuetudo
1556 1651 1600 1688 et
1630 1648 1960 1688 misericordia'’
1993 1646 2102 1687 (Cat.

479 1726 562 1770 27).
598 1726 622 1764 3
656 1735 712 1763 NE
744 1736 879 1764 lsrAM
911 1736 956 1764 M.
984 1736 1070 1764 non
1099 1724 1269 1765 ‘multis
1296 1725 1439 1764 modis
1467 1725 1685 1774 inveniri’,
1714 1724 1790 1763 sed
1818 1723 1955 1763 ‘tuam
1983 1723 2099 1762 inve·

473 1801 592 1849 niri’;
627 1801 702 1840 alii
737 1800 908 1840 ‘multis
940 1802 1085 1841 modis
1117 1803 1241 1840 tuam
1275 1802 1467 1840 inveniri
1499 1802 1695 1849 gaudeo’.
1723 1802 1749 1839 4
1776 1800 1975 1850 <camno
2000 1799 2100 1848 Ρ.>

481 1877 551 1916 hic-
582 1878 669 1916 iam
705 1878 818 1916 redit
849 1878 893 1916 in
927 1879 1122 1926 gratiam
1156 1878 1277 1917 SImo
1311 1889 1412 1917 cum
1446 1877 1550 1927 filio,
1586 1878 1673 1916 nisi
1704 1877 1817 1916 forte
1843 1878 2012 1926 patrem
2040 1886 2102 1915 So·

473 1964 621 1992 cerum
664 1954 871 2004 appellat,
915 1956 962 1993 ut
1006 1954 1182 1993 Turnus
1224 1955 1336 2003 apud
1382 1954 1626 2002 Vergilium
1662 1952 1721 1993 ‘et
1751 1963 1832 1992 nos
1863 1952 1966 1992 tela’
2000 1953 2102 1992 cett.

474 2031 596 2069 (Aen.
636 2030 702 2085 12.
737 2030 828 2079 50),
862 2040 948 2068 non
983 2030 1202 2078 quomodo
1234 2030 1351 2068 infra
1384 2030 1490 2069 dicit
1524 2029 1654 2077 ‘quod
1687 2031 1847 2078 restat,
1876 2028 2013 2078 pater’
2045 2031 2102 2073 (v.

475 2106 588 2146 947).
621 2107 674 2148 (α)
709 2106 733 2144 6
767 2115 902 2144 cauno
936 2106 1000 2144 sic
1034 2106 1288 2154 responderi
1321 2105 1437 2144 solet
1469 2106 1630 2144 dicenti
1664 2103 1874 2153 ‘gaudeo’.

648 2181 669 2214 2
699 2179 720 2203 ²²²
751 2189 914 2215 GAUDEO
946 2181 1231 2223 gaudemus
1258 2181 1414 2216 nostris
1432 2181 1759 2224 gratulamur
1786 2178 2102 2224 alienis‚utSal-

591 2233 743 2268 Iustius
782 2234 832 2269 ‘ei
861 2244 958 2270 voce
988 2234 1170 2269 maxima
1196 2244 1233 2269 v.
1263 2234 1586 2279 gratulabantur’
1618 2234 1676 2275 (ir.
1709 2235 1742 2268 1.
1772 2233 1822 2269 89
1852 2233 1915 2275 Μ.)
1944 2233 1968 2268 4
1998 2243 2023 2268 α
2050 2242 2101 2268 an

597 2288 685 2323 ideo
713 2289 882 2331 ‘restat’,
913 2288 1005 2331 quia
1034 2288 1133 2324 haec
1162 2289 1240 2323 iam
1271 2289 1400 2324 maior
1429 2298 1522 2333 pars
1552 2287 1885 2328 reconciliationis
1912 2288 2006 2323 est?
2031 2287 2054 2322 5
2080 2283 2103 2306 ⁴⁸

595 2351 721 2377 canno
749 2352 880 2377 PATER
909 2343 1129 2387 incertum,
1159 2344 1298 2378 utrum
1328 2343 1397 2386 qui
1427 2342 1655 2387 gratulatur
1684 2342 1794 2378 Simo
1823 2341 1890 2387 sit,
1916 2340 2102 2385 quamvis

598 2396 834 2440 Pamphilus
865 2397 1131 2441 1·espondeat;
1162 2398 1301 2440 potest
1330 2397 1436 2432 enim
1468 2396 1609 2441 ‘pater'
1640 2398 1679 2431 et
1710 2396 1901 2432 Chremes
1930 2395 2066 2431 videri.

544 2468 563 2505 l
598 2478 655 2505 AT
688 2477 789 2505 MIHI
822 2477 939 2506 UNUS
973 2478 1225 2506 SCRUPULUS
1257 2479 1393 2506 ETIAM
1427 2478 1591 2506 RESTAT
1625 2463 1699 2506 ‘at'
1727 2467 2015 2506 discretivum
2034 2468 2103 2506 est

477 2543 752 2591 superiorum
797 2543 1031 2582 dictorum,
1078 2544 1102 2581 2
1147 2542 1489 2592 ‘Scrupulus'
1533 2553 1558 2581 a
1597 2553 1754 2592 scrupo
1786 2543 1930 2592 lapide
1961 2542 2102 2582 dictus

479 2618 655 2667 lapillus
697 2619 932 2668 minimus,
976 2629 1080 2657 nam
1119 2619 1254 2657 nimis
1287 2619 1501 2658 molestae
1533 2620 1639 2658 sunt
1668 2609 1852 2668 pedibus
1881 2617 2098 2666 scrupulo-

478 2704 553 2733 sae
581 2695 695 2744 viae,
723 2697 774 2733 ut
800 2694 1022 2743 Vergilius
1052 2694 1304 2743 ‘spelunca.
1328 2725 1335 2733 .
1356 2724 1364 2733 .
1387 2695 1612 2744 ‚scrupea’
1641 2695 1742 2735 cett.
1770 2695 1893 2740 (Aen.
1928 2695 1967 2733 6.
1987 2693 2100 2742 238).

482 2771 507 2809 3
540 2780 678 2808 ETIAM
711 2780 787 2819 pro
819 2771 973 2809 adhuc.
1008 2772 1034 2809 4
1068 2780 1232 2809 DIGNUS
1263 2781 1312 2809 Es
1345 2781 1461 2809 CE'rT.
1495 2772 1572 2809 aut
1605 2769 1780 2819 ‘dignus
1809 2770 1934 2820 odio'‚
1954 2771 2008 2811 (a)
2026 2770 2103 2808 aut

478 2846 721 2895 separatim
756 2845 936 2884 ‘odium'
969 2846 1221 2896 legendum,
1258 2849 1306 2885 ut
1338 2847 1420 2885 sit:
1456 2846 1614 2894 dignus
1641 2846 1716 2894 qui
1741 2845 1857 2885 male
1883 2845 2101 2885 habearis.

646 2920 668 2956 3
698 2930 722 2955 a
752 2922 823 2956 aut
852 2921 1111 2956 accusativus
1143 2930 1215 2965 pro
1244 2920 1420 2956 ablativo
1449 2921 1515 2956 est
1543 2920 1718 2966 positus,
1748 2929 1821 2965 pro
1849 2919 1977 2958 ‘odio’‚

542 2994 561 3031 1
606 3002 757 3030 NODUM
797 3003 843 3030 m
876 3002 1025 3031 scrsspo
1059 3002 1246 3037 QUAERIS
1278 2994 1332 3033 (a)
1365 2992 1561 3031 Lucilius
1591 2992 1637 3030 in
1669 2991 1813 3040 primo
1845 2990 2023 3030 ‘nodum
2056 2991 2101 3030 in
