2242 3443
1179 223 1234 262 88

319 351 392 386 722
522 356 650 384 mrsrs
682 356 798 385 NUNC
830 357 938 388 opus
969 357 1044 386 ner
1077 358 1121 386 A.
1154 357 1198 386 H.
1233 357 1272 386 n.
1302 347 1410 386 haec
1437 355 1597 385 scaena
1623 347 1805 384 actuosa
1831 346 1918 394 est,
1938 345 2084 394 magis

466 422 582 461 enim
625 422 668 461 in
710 425 836 471 gestu
878 433 1012 471 quam
1056 423 1100 462 in
1142 423 1337 462 oratione
1374 424 1442 462 est
1474 421 1728 461 constituta.
1763 422 1787 459 2
1820 430 1950 462 MYSIS
1982 430 2084 460 imo.

464 499 737 547 properantis
769 501 813 537 et
844 500 1043 548 impense
1076 499 1248 548 agentis
1280 498 1390 538 Davi
1424 498 1556 536 verba
1587 498 1906 536 monstrantur.

318 579 393 617 723
526 575 546 613 1
582 585 844 613 ΕΧΡΒΟΜΡΓΑ
878 575 921 613 in
956 575 1152 614 medium
1186 576 1368 624 prolata.
1403 575 1427 612 2
1456 583 1657 613 MEMORIA
1679 568 1704 617 ¹)
1732 582 1876 618 ATQUE
1893 583 2083 613 ASTUTIA

466 649 707 689 ‘memoria'
758 652 806 688 ut
853 652 1087 699 praecepta
1129 651 1317 689 retineat
1360 649 1490 699 Davi,
1535 645 1726 688 ‘astutia’
1770 648 1823 687 ad
1864 649 2085 697 agendum

466 728 644 765 strenue
676 735 785 774 quae
818 727 1072 775 imperaret.

638 801 659 836 3
690 810 872 837 mamortha
903 800 1159 846 simpliciter:
1191 802 1236 836 ut
1264 810 1418 836 memor
1442 800 1495 836 sit
1519 799 1619 835 Davi
1640 799 1962 843 praeceptorum.
1986 800 2010 834 4
2034 799 2083 836 Et

582 865 766 891 MEMORIA
804 856 922 891 modo
960 865 1031 900 pro
1068 855 1366 900 intellegentia,
1395 856 1440 890 ut
1470 853 1671 898 Vergilius
1701 854 1918 889 ‘instamus
1946 855 2084 890 tamen

583 910 855 946 immemores'
886 911 999 952 (Aen.
1031 911 1066 945 2.
1098 910 1202 951 244).

319 985 394 1022 726
526 982 546 1020 1
592 992 650 1020 nx
689 992 782 1020 ΔΒΑ
820 991 935 1020 sUMn
977 992 1021 1020 H.
1065 992 1105 1021 v.
1150 992 1188 1021 T.
1234 980 1305 1020 ‘ex
1348 980 1440 1019 ara’
1484 979 1701 1029 Apollinis
1733 979 1921 1029 scilicet,
1954 989 2086 1028 quem

461 1053 667 1109 Ἀγυιαῖον
700 1058 933 1097 Menander
965 1059 1108 1097 vocat.
1143 1059 1168 1096 5
1205 1056 1257 1096 Τὸ
1289 1056 1395 1096 ‘tibi’
1429 1057 1554 1104 quasi
1586 1057 1761 1104 gestum
1794 1055 2010 1104 quendam
2044 1056 2089 1095 et

462 1136 632 1173 motum
666 1133 991 1173 stomachantis
1023 1133 1172 1182 habet,
1201 1135 1250 1171 ut
1276 1132 1378 1172 alibi
1409 1132 1524 1171 ‘nam
1551 1132 1653 1180 quid
1683 1131 1748 1170 vis
1767 1131 1894 1170 tibi?'
1912 1131 2087 1173 (Heaut.

468 1211 553 1256 61).
598 1211 620 1249 7
667 1221 724 1249 Ex
765 1219 858 1249 ARA
900 1220 934 1249 s.
978 1220 1017 1249 v.
1061 1209 1276 1248 verbenae
1307 1210 1412 1248 sunt
1444 1218 1600 1248 omnes
1633 1207 1792 1247 herbae
1824 1207 2087 1256 frondesque

467 1286 608 1326 festae
651 1286 703 1325 ad
746 1296 848 1325 aras
890 1285 1181 1335 coronandas,
1227 1285 1296 1324 vel
1338 1295 1492 1325 omnes
1534 1284 1695 1324 herbae
1737 1284 1999 1332 frondesque
2032 1294 2088 1323 ex

465 1363 558 1402 loco
600 1372 707 1412 puro
749 1362 993 1411 decerptae.
1036 1362 1325 1401 Verbenae
1367 1363 1519 1400 autem
1562 1361 1704 1400 dictae
1737 1360 1875 1400 veluti
1905 1359 2086 1400 herbe-

468 1449 592 1486 nae;
626 1438 861 1478 Menander
893 1438 956 1477 sic
987 1433 1085 1483 (’Μ)
1107 1433 1151 1483 2).

644 1513 665 1548 2
704 1513 787 1548 Aut
827 1513 931 1556 quod
969 1511 1146 1557 Apollini
1179 1512 1385 1548 comoedia
1413 1513 1475 1548 est
1503 1511 1650 1556 dicata,
1680 1513 1720 1547 in
1750 1511 1863 1548 cuius
1892 1511 2088 1548 honorem

587 1576 698 1603 aram
733 1567 971 1603 statuebant
999 1566 1245 1603 comoediam
1276 1566 1535 1602 celebrantes.
1566 1567 1587 1601 3
1617 1565 1790 1610 Apollini
1814 1575 1910 1611 ergo
1934 1575 2090 1602 comoe-

587 1621 668 1665 dia,
698 1621 838 1657 Libero
867 1621 970 1666 patri
999 1621 1221 1665 tragoedia.
1246 1621 1268 1655 4
1290 1629 1500 1656 VERBENAS
1526 1630 1607 1655 TIBI
1630 1621 1830 1656 verbenae
1850 1620 1966 1665 quasi
1988 1621 2089 1656 her-

588 1676 748 1711 benae
776 1674 1010 1712 redimicula.
1040 1676 1137 1711 sunt
1166 1684 1340 1712 ararum.
1371 1675 1394 1710 6
1422 1675 1470 1710 Et
1501 1674 1586 1710 ‘tibi
1616 1675 1743 1710 sume’
1775 1674 1874 1710 dixit
1898 1684 1979 1711 non
2005 1674 2091 1711 ‘tibi

586 1729 829 1766 substerne’.

322 1805 395 1843 727
526 1811 799 1846 QUAMOBREM
840 1811 952 1840 ‘rurs
995 1811 1040 1839 11)
1073 1810 1161 1839 non
1193 1811 1318 1839 FAc1s
1351 1796 1474 1839 ‘tute'
1507 1802 1612 1839 tunc
1644 1800 1817 1850 dicitur,
1853 1810 1952 1840 cum
1995 1810 2087 1850 pro-

468 1887 628 1916 nomen
671 1877 725 1916 ad
764 1887 862 1916 eam
906 1878 1141 1916 revocatur
1181 1886 1435 1926 personam,
1478 1887 1503 1915 a
1535 1886 1620 1925 qua
1651 1872 1867 1926 sumitur,
1889 1877 1938 1915 ut
1968 1876 2092 1916 verbi

464 1953 606 2001 gratia
638 1963 738 1992 cum
766 1953 952 1992 dicimus
983 1952 1043 1991 ‘tu
1075 1952 1197 2002 lege’,
1231 1952 1306 1991 ille
1339 1952 1466 1991 nobis
1498 1952 1734 2001 respondet
1760 1951 1851 1991 ‘cur
1882 1953 1977 1992 tute
2003 1962 2091 1992 non

472 2029 642 2078 legis?’.

325 2108 399 2146 728
533 2106 553 2143 1
600 2114 707 2150 QmA
749 2115 787 2144 SI
831 2115 966 2144 nomn
1010 2115 1118 2143 opus
1161 2115 1226 2144 sn:
1258 2115 1318 2144 An
1349 2115 1470 2144 ERUM
1503 2116 1530 2144 1.
1564 2116 1608 2145 M.
1643 2105 1708 2144 sic
1738 2104 1913 2144 locutus
1945 2105 2013 2144 est
2042 2106 2092 2144 ut

471 2181 684 2230 explicari
711 2183 842 2229 atque
867 2181 1065 2230 intellegi
1093 2191 1177 2221 non
1206 2182 1368 2231 possit:
1398 2183 1475 2220 aut
1501 2182 1619 2220 enim
1647 2181 1771 2221 deest
1797 2180 1907 2230 ‘ius’‚
1935 2182 1984 2220 ut
2009 2181 2089 2220 sit:

469 2258 539 2296 ius
583 2257 837 2307 iurandum,
882 2259 937 2303 (α)
979 2259 1055 2296 aut
1097 2260 1147 2296 ut
1189 2257 1321 2306 vulgo
1356 2257 1517 2297 dicitur
1548 2258 1944 2296 iuramentum.
1978 2257 2004 2296 3
2037 2256 2092 2296 Et

476 2342 615 2382 opus
649 2334 735 2371 est
767 2332 927 2371 illam
961 2343 1093 2381 rem,
1129 2343 1215 2372 non
1248 2343 1386 2382 opus
1418 2334 1505 2372 est
1536 2332 1641 2372 illa
1672 2343 1742 2372 re.

643 2417 667 2442 a
697 2408 718 2442 2
749 2416 968 2442 mmmmm
995 2417 1067 2451 pro
1096 2407 1160 2443 ius
1188 2407 1415 2444 iurandum.

327 2483 402 2520 729
530 2489 587 2518 UT
620 2488 794 2523 LIQUIDO
827 2489 979 2517 Possm
1016 2478 1205 2527 ‘liquido’
1239 2490 1345 2528 pure
1377 2481 1421 2518 et
1453 2478 1700 2518 manifeste.
1733 2482 1788 2527 (a)

645 2562 669 2587 a
697 2552 799 2588 Nam
829 2561 928 2596 quae
957 2555 1055 2588 sunt
1084 2562 1183 2597 pura
1211 2554 1253 2589 et
1282 2553 1502 2599 defaecata,
1532 2553 1678 2597 liquida
1707 2554 1816 2589 sunt.

327 2629 404 2667 730
537 2626 556 2662 1
593 2634 712 2663 novA
754 2634 871 2663 NUNC
914 2634 1088 2663 RELIGIO
1122 2635 1168 2663 m
1202 2635 1253 2663 TE
1286 2635 1438 2664 1s'rAnc
1471 2626 1601 2664 bene:
1634 2625 1705 2663 ius
1737 2624 1971 2664 iurandum
2005 2634 2091 2663 me·

472 2704 596 2739 tuere
638 2710 818 2739 servum
862 2701 1050 2740 monstri
1093 2701 1240 2740 simile
1284 2704 1368 2740 est.
1413 2703 1437 2740 4
1471 2711 1577 2740 enno
1609 2700 1872 2749 porrigentis
1906 2701 1975 2740 est
2004 2710 2091 2739 ma·

476 2786 584 2815 num
620 2775 769 2815 ‘ced0’.

651 2850 673 2885 2
704 2850 831 2885 ‘Nova
869 2850 1021 2895 religio·
1061 2852 1101 2886 in
1140 2861 1258 2887 serva
1287 2852 1328 2887 et
1357 2851 1502 2888 subita.
1534 2851 1556 2887 3
1585 2859 1695 2887 novA
1721 2860 1830 2887 NUNC
1857 2860 1896 2887 R.
1927 2859 2090 2886 servum

596 2903 700 2940 nolle
727 2903 893 2939 mentiri
923 2914 1054 2940 nova
1084 2904 1270 2950 religio
1299 2906 1375 2941 est.

378 3070 402 3111 ¹)
426 3068 532 3103 Iusta
556 3068 665 3102 lectio
691 3069 747 3102 eet
771 3067 952 3107 ‘malitia'‚
977 3068 1021 3103 cf.
1047 3068 1131 3102 edd.

375 3114 401 3156 ’·’)
428 3113 607 3158 Syllabae
632 3112 812 3156 leguntur
835 3124 991 3156 graecae
1014 3125 1169 3157 prorsus
1195 3115 1387 3148 obscurae.
