2242 3443
362 620 439 656 252

359 773 436 809 253

364 1077 441 1113 254

365 1306 442 1343 255

366 1457 442 1494 256

372 2432 445 2468 257

379 3008 456 3044 258

1202 188 1285 226 140

508 314 578 351 tas
620 313 768 352 odium
811 314 938 362 parit'
983 317 1026 352 et
1067 314 1109 352 in
1143 313 1352 362 Adelphis
1385 320 1439 359 (v.
1475 312 1575 352 986)
1609 312 1735 360 ‘quod
1767 313 1810 350 te
1843 311 1918 350 isti
1949 310 2123 350 facilem

509 392 552 427 et
579 389 788 428 festivum
816 392 991 438 putant,
1022 389 1062 427 id
1091 399 1175 428 non
1202 388 1294 429 fieri
1322 400 1376 428 ex
1406 399 1507 428 vera
1527 389 1618 426 vita
1636 398 1774 436 neque
1792 388 1898 426 adeo
1916 397 1972 426 ex
1988 396 2124 434 aequo

503 469 545 503 et
595 468 731 514 iusto,
780 466 856 504 sed
905 476 961 504 ex
1008 466 1273 514 indulgendo
1322 469 1453 513 atque
1495 465 1763 503 assentando
1804 466 1847 502 et
1883 463 2126 512 largiendo,

511 538 657 580 Micio?

564 626 709 656 unem-
746 626 844 662 oms
876 627 989 656 neco
1023 617 1129 657 bene
1161 618 1246 656 sic:
1279 617 1437 665 ‘negat’
1472 618 1515 655 et
1548 616 1637 654 ‘ait’
1670 615 1890 654 contraria
1920 615 2045 663 sunt,
2079 616 2127 654 ut

509 693 693 732 Plautus
725 694 769 732 in
801 693 1000 733 Rudente
1033 697 1086 738 (v.
1130 694 1253 737 1331)
1289 693 1368 732 ‘vel
1402 695 1449 731 tu
1483 693 1548 731 ais
1577 692 1646 730 vel
1679 693 1844 741 negas’.

565 771 584 807 1
615 779 653 807 Is
681 780 903 815 QUAESTUS
932 780 1047 808 NUNC
1076 781 1150 808 EST
1178 769 1443 817 <MULTO>
1470 778 1723 807 UBssRRIMUS
1750 778 1881 816 quam
1910 767 1982 806 ille
2000 767 2125 815 ‘apud

511 846 706 884 saeclum
734 847 866 894 prius’
897 845 1051 885 fuerat.
1077 847 1100 884 2
1121 846 1173 884 Et.
1194 846 1288 884 vide
1304 845 1677 893 quemadmodum
1696 845 1968 883 inliberalem
1988 843 2125 882 vitam

511 922 761 960 honestiore
790 923 968 960 nomine
996 922 1137 970 primo
1163 922 1426 968 ‘aucupium
1456 924 1511 965 (v.
1540 921 1653 961 247?
1681 923 1782 969 post
1810 921 1944 959 etiam
1963 919 2126 968 ‘quaes-

512 994 623 1036 tum’
659 998 956 1036 nominaverit
988 997 1277 1049 ρωποκάπηλος
1310 998 1557 1046 impudens

563 1083 720 1112 scmm
752 1084 796 1112 H.
827 1083 1030 1112 ΗυΜῙΝΕΜ
1062 1074 1171 1112 mire
1204 1073 1433 1112 Terentius
1466 1073 1622 1121 longae
1654 1071 1840 1111 orationi
1870 1070 2130 1119 interloquia
2168 1065 2175 1070 ’

511 1151 726 1198 quaedam
770 1151 961 1199 adhibet,
1006 1154 1054 1189 ut
1095 1150 1320 1188 fastidium
1364 1149 1633 1198 prolixitatis
1671 1149 1807 1187 evitet
1851 1147 1973 1186 velut
2013 1156 2130 1185 nunc

512 1225 726 1266 Parmeno
759 1226 909 1274 procul
942 1226 1124 1265 audiens
1154 1225 1434 1264 Gnathonem
1468 1225 1574 1264 haec
1606 1224 1813 1272 loquitur.

567 1312 853 1340 INTEREALOCI
896 1302 1005 1341 duae
1048 1304 1196 1351 partes
1233 1302 1444 1341 orationis
1482 1312 1582 1340 cum
1615 1301 1874 1340 coniunctae
1903 1309 2041 1338 unam
2071 1297 2126 1338 fe·

514 1378 670 1426 cerint,
705 1379 881 1416 mutant
909 1380 1158 1417 accentum.

571 1456 590 1492 1
625 1463 910 1492 CONCURRUNT
971 1464 1099 1492 mimi
1132 1464 1231 1492 MIHI
1264 1463 1431 1492 OBVIAM
1463 1455 1507 1492 et
1539 1452 1703 1491 multos
1734 1454 1778 1490 et
1808 1460 2013 1501 properos
2045 1459 2130 1490 uno

516 1529 647 1568 verbo
684 1529 877 1569 ostendit
917 1532 960 1568 et
988 1539 1042 1568 ex
1077 1530 1252 1568 diverso
1285 1530 1338 1568 ad
1369 1539 1417 1568 se
1448 1530 1725 1568 festinantes.
1761 1528 1786 1566 2
1819 1536 2131 1566 CUPPEDINARH

515 1614 658 1644 OMNES
685 1604 820 1643 Varro
848 1605 1155 1644 Humanarum
1181 1616 1328 1644 rerum
1357 1605 1607 1644 ‘Numerius
1634 1604 1834 1652 Equitius
1860 1603 2044 1652 cuppes’
2071 1604 2131 1642 in·

517 1682 610 1729 quit
655 1680 714 1719 ‘et
756 1680 927 1719 Manius
969 1681 1198 1720 Marcellus
1244 1681 1459 1730 singulari
1502 1681 1731 1720 latrocinio
1761 1679 1906 1719 multa
1935 1679 2033 1718 loca
2062 1678 2131 1717 ha-

518 1759 704 1796 buerunt
734 1757 917 1804 infesta;
952 1757 1020 1795 his
1046 1757 1090 1795 in
1117 1757 1325 1796 exsilium
1353 1758 1464 1796 actis
1491 1757 1604 1795 bona
1620 1757 1842 1805 publicata
1858 1756 1983 1803 sunt,
2002 1755 2132 1793 aedes

519 1834 591 1872 ubi
628 1833 884 1872 habitabant
914 1833 1082 1871 dirutae
1116 1844 1223 1880 eque
1257 1843 1308 1872 ea
1339 1833 1526 1882 pecunia
1556 1833 1709 1872 Scalae
1741 1832 1871 1871 deum
1904 1832 2129 1880 penatium

517 1908 771 1949 aedificatae
813 1911 931 1948 sunt.
977 1908 1059 1947 Ubi
1091 1910 1371 1957 habitabant,
1407 1910 1546 1958 locus,
1582 1908 1654 1947 ubi
1687 1908 1891 1947 venirent
1921 1917 1991 1957 ea,
2025 1916 2134 1955 quae
2204 1936 2210 1954 ⁷.

519 1985 722 2024 vescendi
754 1994 888 2023 causa
920 1985 964 2023 in
997 1985 1151 2024 urbem
1185 1991 1307 2024 erant
1339 1985 1485 2024 allata.
1518 1985 1670 2032 Itaque
1697 1985 1748 2023 ab
1777 1983 1916 2022 altero
1945 1982 2133 2022 Macel·
2205 1977 2211 2036 ζ

519 2061 649 2108 lum,
693 2061 744 2107 ab
788 2061 927 2099 altero
969 2060 1160 2099 Forum
1204 2059 1551 2110 Cuppedinis
1594 2059 1876 2110 appellatum’
1920 2053 1989 2105 (fr.
2033 2058 2073 2107 9,
2110 2058 2130 2096 1
2204 2067 2211 2089 ν

519 2135 709 2181 Mirsch).
753 2136 778 2174 3
820 2146 1094 2174 GUPIDINARH
1142 2147 1298 2176 omnes
1335 2137 1408 2184 qui
1439 2136 1667 2176 esculenta
1699 2138 1743 2174 et
1774 2133 2007 2183 poculenta
2039 2142 2136 2172 ven·

517 2213 643 2261 dunt,
688 2222 713 2250 a
744 2212 875 2251 rebus
906 2212 1120 2260 cupidinis
1152 2218 1203 2256 (a)
1239 2212 1521 2261 ‘cupidinarii'
1554 2212 1846 2261 appellantur.

693 2286 714 2321 3
753 2296 778 2321 a
816 2287 864 2322 ob
901 2285 1153 2322 alimentum.
1193 2290 1215 2321 4
1253 2287 1301 2322 Et
1331 2287 1417 2332 ipse
1446 2291 1514 2329 (sc.
1544 2286 1720 2329 Gnatho)
1750 2285 1919 2322 subiecit
1946 2285 2014 2328 qui
2041 2282 2134 2320 acci·

640 2355 773 2400 piendi
801 2355 885 2391 sint
914 2357 1185 2400 ‘cupidinarii’.
1603 2348 1607 2349 ⁷

576 2429 596 2465 1
641 2437 764 2465 LANII
804 2428 877 2475 qui
920 2427 1141 2467 laniant
1183 2437 1363 2477 pecora;
1397 2428 1513 2467 unde
1545 2429 1588 2466 et
1619 2427 1873 2466 lanistae
1906 2424 2028 2474 dicti,
2062 2423 2136 2472 qui

521 2503 808 2542 laniandis
851 2507 1059 2552 praesunt
1100 2504 1428 2552 gladiatoribus.
1461 2505 1486 2543 3
1518 2513 1778 2542 neomenias
1809 2502 1883 2550 qui
1913 2501 2134 2541 recentem

521 2580 686 2628 piscem
726 2579 948 2627 praebent.
992 2580 1017 2617 4
1065 2589 1288 2618 miri-onas
1329 2580 1403 2627 qui
1429 2579 1586 2618 insicia
1617 2582 1659 2618 et
1692 2579 1924 2635 farcimina
1953 2575 2133 2616 faciunt.

523 2657 548 2694 5
580 2664 752 2693 CETABH
785 2656 857 2702 qui
888 2658 982 2693 cete
1014 2662 1068 2701 (a)
1104 2655 1330 2694 venditant
1362 2657 1406 2693 et
1437 2655 1618 2693 bolonas
1650 2657 1871 2693 exercent.
1904 2654 1930 2692 6
1964 2659 2135 2690 cuman

522 2740 646 2769 Lami
677 2740 803 2775 GOQUI
835 2740 1057 2768 maroni-«is
1088 2735 1217 2781 σχῆμα
1244 2732 1481 2780 comicum,
1510 2741 1610 2770 nam
1639 2732 1684 2769 in
1711 2730 1892 2779 palliata
1915 2729 2136 2768 Romanas

524 2816 596 2845 res
623 2806 828 2854 loquitur.

698 2881 719 2914 2
759 2880 821 2916 Sic
849 2881 890 2916 et
920 2881 1157 2917 ‘macellum'
1187 2892 1209 2918 a
1239 2883 1522 2918 mactandis
1551 2883 1761 2927 pecoribus
1791 2882 1958 2918 dictum.
1987 2881 2010 2916 5
2041 2890 2065 2914 a
2095 2878 2134 2915 id

644 2936 708 2970 est
736 2943 909 2978 magnos
938 2935 1081 2978 pisces.

583 3009 603 3045 1
638 3016 796 3051 Qmssus
827 3017 878 3044 ΕΤ
911 3016 964 3044 RE
996 3017 1139 3046 sarava
1170 3018 1271 3046 cum
1304 3008 1355 3047 de
1387 3017 1484 3047 meo
1516 3007 1836 3056 impenderem,
1865 3016 1916 3045 ET
1947 3013 2134 3044 Pnnmu
