2242 3443
130 342 205 378 178

129 853 205 889 179

131 1807 205 1844 181

132 1957 207 1993 182

133 2185 208 2221 183

135 2384 209 2420 184

133 2459 209 2496 185

134 2611 210 2647 186

987 211 1064 249 131

334 336 358 374 2
400 345 610 373 LABASCIT
654 334 802 374 omnia
840 333 1090 373 incohativa
1120 332 1349 381 trisyllaba
1381 332 1469 371 fere
1501 333 1645 371 media
1675 333 1882 381 producta

276 412 576 450 enuntiantur.
621 411 645 449 3
690 420 840 448 VIGTUS
872 420 959 448 UNO
992 420 1129 447 VEREO
1163 419 1284 454 QUAM
1317 419 1408 447 Oiro
1442 409 1515 457 ait,
1549 408 1677 456 quine
1699 403 1725 450 ¹)
1757 408 1881 446 illum

278 487 404 526 ‘falsa
435 486 676 525 lacrimula’
709 487 763 525 (v.
797 486 866 530 67)
900 485 1017 523 vinci
1048 485 1291 523 crediderat
1323 493 1465 532 posse.
1499 486 1552 525 (α)

450 561 467 594 1
501 557 523 579 ³¹⁶
552 570 692 596 VICTUS
722 569 803 595 UNo
835 568 962 594 VERBO
994 558 1163 594 ‘utinam
1191 558 1296 595 istuc
1323 558 1504 592 verbum'
1534 561 1584 600 (v.
1614 558 1702 593 175*-
1725 558 1766 593 et
1790 561 1883 594 ‘uno

395 614 541 657 verbo’,
586 615 631 649 ut
668 614 861 657 diximus,
901 613 957 648 sic
995 612 1139 657 accipe,
1178 614 1224 647 ut
1258 611 1453 647 ‘verbum'
1484 612 1632 647 dictum
1662 611 1885 656 intellegas,

394 668 498 713 quod
537 669 658 703 verbo
687 667 966 712 complectitur
995 666 1219 711 completae
1247 666 1473 701 sententiae
1502 665 1886 710 pronuntiationem,

395 723 497 766 quod
543 722 684 765 ἀξίωμα
721 721 965 757 nominatur.
1007 721 1028 756 3
1068 731 1092 755 α
1128 720 1220 765 plus
1256 719 1407 756 factum
1446 721 1530 755 est:
1561 720 1600 755 et
1629 722 1722 756 ‘uno
1751 720 1884 755 verbo’

394 776 528 812 victus
557 777 620 811 est
651 777 693 811 et
722 775 839 811 ‘cito’.

337 848 356 886 1
391 857 472 886 EGO
500 857 587 885 NON
613 858 704 885 TAM
732 857 787 884 Ex
812 856 952 884 ANIMO
980 855 1142 883 MISERA
1170 854 1266 883 mco
1294 844 1406 892 quod
1435 844 1574 882 sensit
1599 843 1788 882 multum
1815 854 1884 882 va-

274 922 428 970 luisse,
472 923 553 961 hOO
593 921 726 961 Thais
769 921 959 960 inculcat
1003 921 1150 959 animo
1193 920 1323 958 amici
1365 920 1447 958 sui.
1492 920 1516 958 2
1559 919 1611 957 Et
1650 918 1755 967 ‘ego’
1788 919 1885 957 vide

275 1000 439 1046 quanta
479 997 717 1046 significet:
757 998 962 1036 convenit
994 997 1075 1035 hoc
1105 1006 1345 1045 pronomen
1378 995 1519 1036 multa
1550 995 1706 1034 blande
1737 1005 1885 1044 expro-

275 1074 434 1123 branti,
468 1076 517 1113 ut
550 1073 692 1112 ‘mene
723 1073 886 1119 fugis’?
920 1069 1044 1117 (Aen.
1079 1074 1118 1111 4,
1154 1072 1267 1115 314).
1302 1073 1327 1111 3
1362 1081 1484 1116 QUAM
1516 1081 1609 1109 roco
1642 1081 1730 1108 REM
1757 1081 1883 1109 vOLU-

276 1161 359 1188 1s'r1
391 1161 420 1188 A
452 1160 510 1188 ME
543 1160 722 1188 TANDEM
755 1151 906 1188 contra
928 1148 1033 1187 illud
1052 1147 1252 1197 refertur,
1271 1147 1385 1195 quod
1403 1147 1465 1186 ait
1481 1146 1693 1185 Phaedria
1710 1149 1765 1191 (V.
1789 1144 1890 1197 165)

279 1225 437 1264 ‘nonne
468 1225 542 1263 ubi
575 1225 686 1263 dixti
718 1234 873 1273 cupere
906 1225 977 1262 te’.

448 1299 470 1334 4
500 1298 522 1320 *
552 1300 626 1335 Sed
654 1299 729 1335 hoc
757 1298 1038 1334 vehementius
1063 1299 1103 1334 et
1124 1297 1315 1333 disertius
1325 1308 1334 1341 ;
1364 1297 1497 1341 ‘quam
1521 1296 1788 1340 rem'‚inquit‚
1804 1305 1884 1330 non

393 1353 567 1388 ‘munus'
606 1354 676 1389 sed
707 1354 812 1397 quod
841 1353 932 1397 plus
961 1354 1024 1388 est
1055 1352 1177 1395 ‘rem',
1207 1353 1246 1387 et
1275 1361 1355 1387 non
1386 1352 1485 1386 dixit
1516 1350 1645 1386 ‘serio’
1676 1350 1745 1386 sed
1776 1349 1884 1385 ‘ioco'

392 1417 415 1442 a
442 1406 634 1444 facilitate
662 1407 927 1451 praestantis,
956 1407 996 1442 et
1026 1405 1215 1441 ‘voluisti'
1246 1415 1325 1441 non
1355 1404 1478 1441 etiam
1509 1404 1683 1440 ‘dixisti'.
1719 1425 1749 1428 —
1775 1406 1796 1439 5
1822 1404 1884 1438 Mi-

393 1462 562 1497 randum
591 1462 828 1506 obsequium
858 1470 909 1496 ex
938 1462 1032 1496 voto
1063 1460 1184 1496 animi
1212 1461 1409 1503 pendens:
1435 1469 1516 1495 non
1542 1459 1752 1502 exspectat
1766 1459 1886 1502 impe-

395 1515 517 1558 rium,
546 1525 596 1551 ne
625 1515 823 1560 voluptati
850 1524 963 1550 mora
991 1514 1062 1558 sit,
1093 1516 1188 1549 dum
1216 1515 1391 1549 iubetur.
1422 1536 1469 1540 —
1500 1511 1522 1533 ἕ
1548 1513 1649 1548 Turn
1673 1512 1766 1547 illud
1782 1512 1885 1556 quod

395 1569 451 1604 ait
480 1568 738 1614 ‘perfeceris’z
770 1578 905 1605 nonne
934 1569 1092 1613 pondus
1122 1569 1196 1603 hoc
1223 1567 1333 1603 verbi
1357 1568 1397 1602 et
1422 1567 1646 1612 potentiam
1668 1566 1886 1602 Phaedriae

393 1623 497 1659 circa
532 1623 700 1659 amicam
737 1625 777 1659 et
804 1623 909 1659 illius
938 1622 1175 1666 obsequium
1203 1622 1423 1657 vehemens
1453 1623 1492 1657 et
1521 1631 1654 1656 rerum
1684 1619 1887 1656 difficulta-

275 1702 289 1721 .
393 1679 490 1721 tem,
520 1687 620 1721 quae
649 1678 833 1713 extortae
862 1678 979 1722 sunt,
1008 1677 1209 1712 monstrat
1238 1677 1358 1720 atque
1390 1685 1549 1711 Omnem
1581 1674 1725 1710 obterit
1753 1683 1886 1718 quere-

394 1731 475 1767 lam
503 1731 751 1767 Phaedriae?

335 1812 416 1841 EGO
448 1812 696 1841 IMPETRARE
728 1811 895 1847 NEQUEO
929 1811 1012 1840 Hoc
1044 1811 1126 1839 ΑΒΕ
1154 1812 1204 1839 ΤΕ
1231 1803 1279 1839 tu
1308 1802 1351 1839 et
1377 1800 1498 1838 ioco
1526 1803 1579 1840 (V.
1617 1799 1713 1839 179)
1740 1800 1785 1837 et
1801 1808 1886 1836 non

276 1878 442 1927 petisti,
473 1889 573 1917 cum
605 1878 841 1928 perfeceris
871 1879 1040 1923 tamen,
1073 1878 1118 1915 at
1149 1886 1228 1924 ego
1261 1877 1498 1924 impetrare
1529 1885 1614 1914 non
1647 1884 1840 1923 possum.

338 1955 356 1992 1
404 1965 574 1993 SALTEM
614 1965 669 1993 UT
703 1948 921 1993 cONOEDAs
954 1963 1095 1991 SOLUM
1128 1953 1280 2000 argute
1313 1952 1511 1991 additum
1546 1952 1589 1989 et
1623 1950 1811 1989 ‘saltem'
1844 1952 1886 1988 et

280 2028 466 2068 ‘solum’.
509 2030 533 2068 2
577 2029 628 2068 Et
667 2030 776 2069 bene
818 2028 1059 2068 ‘concedas’
1104 2029 1150 2066 ut
1180 2027 1420 2066 voluntatis
1454 2027 1534 2074 sit;
1566 2026 1730 2073 <nam
1763 2025 1884 2073 sic>

277 2105 388 2144 dixit
415 2115 545 2154 supra
572 2104 678 2144 ‘sine
706 2105 832 2144 illum
859 2104 1025 2153 priores
1051 2104 1197 2152 partes
1225 2104 1355 2142 hosce
1382 2102 1547 2150 aliquot
1570 2102 1675 2140 dies’
1695 2105 1748 2145 (v.
1772 2102 1883 2148 151).

340 2182 359 2219 1
395 2191 543 2219 VERUM
571 2192 626 2219 NE
653 2191 785 2220 E1AN1·
809 2191 892 2219 [δτι
919 2190 1086 2219 vremri
1113 2190 1207 2218 DIES
1233 2179 1375 2218 facete
1399 2177 1606 2216 ‘biduum’
1626 2176 1884 2225 decuplavit.

447 2256 469 2290 2
508 2255 557 2290 Et
585 2255 724 2299 simul,
753 2254 847 2298 quia
875 2264 925 2289 ex
953 2254 1093 2290 eadem
1123 2253 1278 2289 ratione
1307 2253 1404 2288 sunt
1432 2251 1576 2295 viginti
1604 2261 1655 2286 ex
1682 2260 1761 2294 qua
1789 2252 1884 2295 duo,

397 2311 537 2350 <et>
577 2319 628 2345 ex
655 2318 734 2353 qua
761 2308 922 2352 viginti,
951 2307 1130 2351 ducenti,
1160 2308 1237 2342 duo
1268 2306 1377 2342 milia
1404 2307 1445 2341 et
1472 2304 1657 2340 similiter
1684 2305 1883 2348 deinceps.

338 2390 552 2419 PROFEOTO
585 2390 672 2418 NON
704 2390 812 2418 PLUs
842 2389 1015 2417 BIDUUM
1047 2389 1133 2417 AUT
1166 2376 1441 2426 ἀποσιώπησις
1473 2377 1676 2415 secunda.

341 2457 359 2494 1
406 2466 490 2494 Hoc
531 2466 646 2494 MODO
687 2466 784 2494 SINE
816 2466 867 2493 ΤΕ
900 2465 1075 2493 ΕΧΟΕΕΜ
1109 2463 1219 2492 nove
1251 2463 1366 2491 nunc
1397 2462 1483 2491 non
1517 2451 1583 2490 ‘de
1614 2453 1656 2490 te
1690 2451 1883 2489 exorem’

279 2532 356 2569 sed
391 2530 446 2570 ‘te
479 2532 688 2570 exorem’.
722 2531 746 2569 2
781 2530 832 2569 Et
865 2530 973 2569 ‘hoc'
1006 2529 1216 2568 absolute.

338 2607 362 2645 2
405 2617 517 2646 BENE
559 2617 682 2646 FAGIS
722 2606 767 2645 in
809 2605 1188 2652 consuetudinem,
1223 2605 1343 2643 venit
1382 2603 1502 2642 ‘bene
1532 2602 1652 2641 facis’
1687 2603 1729 2640 et
1761 2600 1883 2638 ‘bene

279 2683 434 2722 fecisti’
470 2681 529 2728 (v.
566 2683 693 2723 1091)
725 2692 812 2721 non
837 2681 1074 2720 indicantis
1100 2682 1168 2719 est
1195 2680 1269 2718 sed
1296 2680 1461 2728 gratias
1479 2679 1661 2726 agentis
1682 2678 1706 2715 3
1725 2685 1882 2714 MERlTO

281 2769 333 2796 ΤΕ
378 2768 470 2797 AMO
513 2758 621 2796 bene
663 2758 827 2796 amoris
867 2756 1137 2795 mentionem
1180 2755 1234 2794 ad
1276 2751 1557 2793 auferendam
1590 2752 1880 2799 suspicionem

281 2834 559 2881 contemptus
590 2833 827 2872 Phaedriae
858 2832 974 2870 fecit.

455 2908 471 2941 1
503 2906 526 2928 *
551 2916 790 2942 FAOIUNDUM
820 2915 889 2941 Esr
919 2914 1023 2947 QUOD
1051 2914 1114 2939 πε
1142 2913 1221 2939 non
1248 2904 1364 2947 ‘quod
1390 2901 1574 2946 oportet',
1591 2901 1658 2935 sed
1676 2899 1790 2942 ‘quod
1807 2898 1882 2932 vis’

397 2960 558 2996 dicendo
585 2961 760 2996 multum
788 2959 936 2996 addidit
966 2957 1157 3001 obsequio
1186 2966 1273 2992 suo.

180 3074 204 3117 1)
231 3074 283 3109 Cf.
311 3074 462 3109 Wessn.
486 3075 523 3110 in
549 3087 626 3109 var.
652 3074 738 3110 lect.
