2242 3443
904 225 1161 253 PRAEFATIO.
1828 220 1908 246 XIII

153 344 193 379 et
251 340 409 378 difficili
467 349 583 377 nunc
634 339 740 376 mihi
790 338 1090 376 verisimiliter
1138 339 1274 375 statui
1325 347 1449 385 posse
1499 335 1711 381 videatur,
1760 333 1910 381 paucis

154 426 385 463 exponam.

270 491 516 529 Secundum
565 491 830 528 scholiorum
879 490 1200 537 separationem
1247 499 1376 536 quam
1421 486 1637 535 proposui,
1683 485 1907 532 interpola-

153 568 320 605 tionum
353 577 564 604 numerus
598 566 912 614 pedetemptim
947 576 1020 613 per
1053 566 1353 603 commentum
1387 572 1652 610 magnopere
1686 561 1910 607 decrescit,

152 643 310 681 etenim
370 642 422 680 ad
481 642 689 679 Andriam
739 640 904 678 scholia
951 642 1101 688 spuria.
1146 638 1398 688 (DCCLXX)
1447 639 1623 676 tertiam
1673 635 1912 674 commenti

154 719 320 766 partem
339 720 564 765 occupant,
586 718 636 755 ad
656 717 913 754 Eunuchum
934 716 1141 759 (DXXVI)
1159 718 1375 763 quartam,
1397 715 1448 752 ad
1470 713 1690 760 Adelphos
1705 711 1910 755 (CCCXV)

153 796 340 841 sextam,
391 794 442 831 ad
492 794 711 840 Hecyram
757 792 1010 837 (CCCXXX)
1053 793 1268 839 quintam,
1308 792 1359 829 ad
1396 790 1698 828 Phormionem
1734 786 1911 831 (CCXX)

152 870 241 909 fere
283 871 532 918 septimam.
568 869 646 907 His
679 870 812 916 igitur
845 869 1068 916 exemptis
1101 870 1269 906 restant
1300 867 1350 905 ad
1384 866 1594 905 Andriam
1629 863 1795 902 scholia
1826 863 1914 900 fere

154 944 436 992 MCCCXXX,
495 945 546 982 ad
605 945 862 982 Eunuchum
918 943 1168 991 MDLXXV,
1229 943 1279 981 ad
1340 941 1558 989 Adelphos
1607 938 1812 986 MDXLV,
1860 937 1911 975 ad

155 1021 370 1068 Hecyram
411 1019 632 1068 MCCCCL,
667 1020 718 1057 ad
754 1020 1060 1058 Phormionem
1096 1018 1213 1067 MCC,
1250 1028 1359 1065 quae
1394 1019 1561 1065 praeter
1593 1015 1759 1053 scholia
1790 1023 1913 1060 quae-

152 1096 251 1134 dam
285 1095 470 1134 fortasse
504 1095 671 1143 perdita
703 1095 815 1139 (vide
848 1105 887 1144 p.
917 1095 958 1132 II
985 1098 1063 1142 sq.)
1094 1094 1367 1133 constituunt
1395 1102 1562 1140 coerS,
1592 1091 1702 1138 quod
1720 1089 1915 1129 Donatus

152 1171 326 1210 saeculo
370 1174 520 1218 quarto
564 1172 606 1209 in
649 1171 793 1209 lucem
836 1171 998 1209 emisit.
1039 1169 1392 1209 Commentarios
1424 1178 1509 1206 non
1544 1167 1743 1205 adiunxit
1773 1166 1914 1204 textui

154 1247 430 1295 Terentiano,
474 1247 548 1285 sed
593 1249 893 1286 commentum
928 1247 1045 1285 dedit
1077 1246 1332 1284 continuum
1359 1242 1399 1293 ¹),
1436 1243 1657 1282 munitum
1690 1242 1915 1281 lemmatis

156 1323 282 1370 vulgo
315 1323 426 1361 satis
458 1323 612 1372 longis,
647 1333 757 1370 quae
790 1323 922 1361 etiam
958 1323 1083 1360 hodie
1111 1323 1198 1360 fere
1226 1322 1374 1360 omnia
1400 1322 1637 1368 supersunt
1662 1319 1762 1357 licet
1787 1327 1915 1365 saepe

155 1399 332 1438 brevius
364 1399 544 1438 reddita.

272 1474 578 1514 Gommentum
624 1476 792 1514 celebre
834 1476 969 1514 fuisse
1008 1485 1092 1513 non
1127 1475 1289 1512 mirum
1324 1475 1400 1521 est,
1437 1483 1536 1512 cum
1570 1471 1757 1510 concisis
1790 1470 1915 1508 adno-

153 1551 396 1589 tationibus
429 1552 576 1590 omnia
610 1552 985 1600 complecteretur,
1021 1551 1177 1598 quibus
1211 1545 1413 1598 magistri
1446 1549 1486 1586 in
1521 1547 1683 1586 scholis
1715 1547 1767 1585 ad
1800 1545 1914 1584 fabu-

153 1627 294 1665 larum
327 1628 498 1665 textum
533 1627 909 1675 interpretandum
941 1628 983 1665 et
1009 1626 1319 1665 illustrandum
1350 1625 1607 1672 indigerent.
1637 1623 1683 1661 In
1713 1621 1916 1669 margini-

153 1703 232 1741 bus
273 1703 513 1741 commenti
554 1703 826 1741 adnotabant
859 1703 919 1740 illi
953 1702 1156 1750 quicquid
1191 1701 1296 1740 utile
1330 1701 1419 1739 fore
1453 1699 1679 1738 videbatur
1711 1708 1838 1736 suum
1872 1697 1914 1734 in

154 1788 281 1818 usum
324 1781 398 1816 aut
440 1779 492 1817 ad
526 1779 839 1826 discipulorum
873 1779 1217 1826 institutionem,
1252 1777 1557 1815 additamenta
1589 1774 1698 1813 varii
1730 1774 1917 1822 generiS,

151 1854 317 1892 scholia
363 1855 590 1902 rhetorica,
635 1855 732 1901 alia,
779 1855 926 1892 ieiuna
969 1853 1225 1903 plerumque
1267 1854 1309 1891 et
1352 1852 1514 1890 brevia.
1562 1850 1642 1889 Ubi
1684 1852 1831 1888 autem
1876 1849 1916 1885 in

154 1930 381 1968 verborum
431 1932 474 1968 et
521 1930 843 1968 sententiarum
895 1930 1254 1978 interpretatione
1303 1939 1326 1966 a
1374 1928 1540 1966 Donato
1588 1925 1918 1970 dissentiebant,

152 2015 278 2044 suam
324 2003 688 2055 substituebant,
716 2007 829 2044 unde
876 2009 970 2045 orta
1018 2008 1122 2044 sunt
1162 2005 1328 2044 scholia
1372 2004 1485 2042 haud
1529 2013 1667 2052 pauca
1708 2001 1917 2040 Donateis

152 2081 277 2119 iuxta
317 2083 460 2129 posita.
503 2084 546 2120 et
589 2084 802 2131 opposita,
849 2083 983 2121 variis
1026 2081 1407 2121 coniunctionibus
1450 2080 1538 2118 illis
1576 2089 1706 2127 saepe
1739 2078 1909 2116 adnexa

153 2227 432 2260 nonnumquam
460 2217 628 2252 eiusdem
656 2218 841 2257 versiculi,
871 2219 1050 2258 citentur;
1077 2218 1324 2253 inveniuntur
1348 2217 1420 2250 An.
1448 2216 1521 2250 194.
1547 2215 1623 2250 702.
1648 2214 1724 2248 754.
1750 2213 1829 2247 844.
1852 2213 1921 2247 970

155 2268 247 2302 Eun.
275 2269 326 2303 19.
352 2270 429 2303 163.
453 2270 530 2305 336.
555 2270 632 2305 407.
657 2271 734 2305 511.
759 2271 825 2305 823
865 2271 959 2306 1078.
982 2272 1053 2306 Ad.
1078 2271 1155 2304 223.
1178 2270 1255 2304 342.
1276 2270 1354 2304 521.
1374 2266 1916 2303 530.692.Hen.111.287.309.

153 2320 230 2355 400.
265 2321 342 2355 744.
380 2321 471 2356 Pho.
511 2323 561 2357 18.
600 2324 673 2358 116.
714 2325 789 2358 132.
827 2325 900 2359 136.
932 2324 1008 2358 273.
1040 2324 1108 2358 354
1143 2324 1180 2357 Β.
1212 2323 1279 2357 362
1313 2322 1352 2356 Β.
1389 2322 1452 2356 411
1483 2321 1511 2355 Β
1550 2321 1603 2355 Ex
1631 2319 1818 2354 erroribus
1843 2321 1917 2352 tam

154 2374 292 2417 paucis¹
307 2376 345 2409 et
368 2374 515 2409 levibus
540 2377 664 2411 omnis
690 2378 880 2412 conclusio
907 2377 1054 2412 infirma
1082 2379 1150 2411 est.
1176 2376 1336 2410 Prorsus
1363 2374 1491 2409 eadem
1520 2373 1646 2408 valent
1668 2373 1713 2407 de
1736 2371 1919 2406 citationi-

155 2427 223 2461 bus
257 2427 351 2461 meis
384 2427 723 2471 frequentibus
757 2431 793 2464 in
826 2430 1142 2464 adnotationibus
1176 2428 1407 2472 (haufige...
1436 2427 1483 2461 im
1510 2426 1692 2469 Anhang)
1718 2424 1774 2459 ‘ad
1800 2436 1917 2458 exem-

154 2480 256 2523 plum
289 2479 440 2515 Donati’
472 2481 566 2524 sim„
599 2494 695 2525 quae
730 2482 974 2517 inveniuntur
1003 2482 1185 2517 undecies
1210 2481 1257 2515 ad
1282 2479 1465 2514 Andriam
1489 2483 1581 2521 (VSS.
1606 2478 1660 2512 22.
1689 2478 1760 2512 *26.
1785 2478 1839 2511 55.
1864 2477 1917 2511 68.

153 2531 205 2566 79.
229 2532 306 2566 318.
332 2533 429 2567 *453
454 2534 548 2568 *599-
576 2534 673 2569 *756
699 2535 775 2569 817.
802 2536 882 2578 912)
908 2536 1073 2579 itemque
1098 2535 1146 2569 ad
1173 2533 1396 2568 Eunuchum
1425 2532 1493 2575 (27.
1523 2532 1597 2566 104.
1622 2530 1827 2565 *178.*350.
1843 2529 1919 2564 478.

153 2585 229 2619 666.
254 2585 330 2619 734.
356 2586 475 2620 *1021.
501 2586 599 2621 1057.
636 2587 733 2622 1059.
762 2587 884 2631 1067)
910 2587 1164 2622 Temerarium
1193 2588 1250 2621 est
1275 2598 1320 2620 ex
1343 2584 1475 2629 paucis
1498 2583 1556 2618 hic
1576 2583 1668 2618 locis
1690 2581 1920 2620 concludere,

154 2649 217 2671 eos
243 2637 415 2682 flagitare
440 2640 667 2683 excerptum,
695 2640 794 2684 quod
816 2640 943 2675 omnia
963 2640 1107 2675 scholia
1131 2639 1218 2682 (die
1242 2637 1433 2680 Scholion)
1459 2636 1665 2671 deformata
1679 2638 1715 2670 et
1732 2636 1921 2669 contracta

152 2690 392 2725 continuerit.
423 2690 578 2726 Accedit
612 2692 711 2735 quod
746 2692 818 2728 loci
844 2692 1027 2728 asterisco
1053 2692 1173 2726 notati
1200 2703 1276 2725 non
1303 2689 1474 2725 indicant
1499 2688 1644 2723 scholia
1670 2688 1715 2722 ad
1743 2700 1816 2722 vss.
1842 2699 1919 2722 eos-

153 2741 235 2777 dem
263 2743 329 2777 sed
353 2742 452 2778 inter
476 2756 516 2778 se
542 2746 717 2779 remotos.

202 2795 222 2837 1)
250 2795 581 2840 Hieronymus,
619 2797 729 2841 Apol.
768 2797 853 2832 adv.
886 2797 971 2832 Rus.
1007 2799 1021 2831 1
1057 2811 1085 2831 c.
1116 2798 1172 2832 16:
1199 2796 1308 2831 ‘Puto
1333 2795 1433 2839 quod
1460 2807 1552 2838 puer
1576 2793 1713 2837 legeris
1740 2793 1851 2839 Aspri
1879 2792 1915 2826 in

154 2846 361 2891 Vergilium
398 2850 435 2883 et
460 2848 683 2883 Sallustium
711 2851 1011 2889 commentarios,
1040 2849 1200 2884 Volcatii
1226 2849 1263 2883 in
1290 2848 1481 2882 orationes
1510 2846 1711 2885 Ciceronis,
1739 2844 1919 2879 Victorini

153 2898 190 2933 in
218 2899 389 2944 dialogos
415 2902 496 2935 eius
522 2903 559 2935 et
584 2902 622 2935 in
649 2901 817 2937 Terentii
843 2903 1056 2937 comoedias
1083 2900 1342 2946 praeceptoris
1367 2899 1438 2934 mei
1466 2899 1601 2934 Donati
1630 2901 1743 2941 atque
1770 2897 1807 2932 in
1828 2897 1916 2930 Ver-

152 2951 295 2994 gilium,
331 2954 369 2986 et
405 2952 561 2987 aliorum
600 2954 637 2988 in
675 2954 795 2989 alios'.
829 2955 933 2996 Quae
966 2954 1091 2989 omnia
1123 2955 1333 2988 commenta
1367 2952 1543 2986 videntur
1578 2951 1694 2985 fuisse
1731 2949 1918 2984 continua.

153 3003 262 3044 Idem,
296 3004 437 3039 Comm.
470 3006 508 3040 in
540 3005 680 3041 Eccles.
708 3020 736 3042 c.
768 3009 802 3041 1:
830 3008 950 3046 ‘Unde
977 3009 1199 3052 praeceptor
1226 3018 1330 3040 meus
1357 3005 1530 3039 Donatus
1559 3016 1639 3038 cum
1668 3003 1780 3037 istum
1809 3001 1919 3036 versi-

153 3056 275 3090 culum
311 3059 514 3101 exponeret
549 3058 658 3100 (Eun.
695 3059 772 3102 41):
814 3059 985 3099 Pereant,
1018 3059 1152 3102 inquit,
1183 3059 1247 3102 qui
1274 3059 1361 3091 ante
1387 3069 1456 3091 nos
1482 3059 1610 3091 nostra
1636 3055 1836 3090 dixerunt'.
1865 3054 1917 3089 Cl.

154 3107 211 3142 Fr.
235 3108 483 3145 Lammerhirt
507 3111 552 3146 de
579 3111 681 3146 Hier.
710 3112 850 3147 Donati
876 3113 1019 3157 discip„
1047 3112 1187 3147 Comm.
1213 3111 1360 3146 lenens.
1387 3109 1485 3144 1912.
