2242 3443
129 1259 148 1294 1

640 667 835 724 ADN
845 665 1270 725 OTATION
1280 665 1388 723 ΕΞ

965 798 1051 835 AD

835 905 1185 956 SCHOLIA

850 1128 963 1177 AN
972 1127 1172 1176 DRIA

237 1258 255 1292 1
297 1256 407 1292 Prior
445 1257 583 1293 scholii
621 1266 716 1301 pars
754 1258 818 1293 est
857 1267 908 1293 ex
941 1257 1006 1292 illo
1042 1267 1188 1301 genere
1218 1257 1417 1293 rhetorico
1447 1259 1552 1302 quod
1577 1259 1615 1294 in
1647 1260 1893 1304 praefatione

180 1329 217 1364 p.
246 1329 287 1354 1v
317 1329 340 1355 a
367 1319 525 1355 Donato
559 1318 732 1354 alienum
762 1327 852 1354 esse
882 1318 979 1364 dixi,
1011 1321 1049 1354 et
1079 1319 1135 1354 sic
1163 1319 1285 1355 etiam
1314 1320 1435 1355 breve
1464 1320 1660 1356 scholium
1691 1322 1725 1357 4.
1755 1322 1893 1357 Altera

178 1391 272 1426 pars
301 1381 470 1417 conficta
498 1383 561 1417 est
589 1382 638 1416 ad
666 1380 898 1425 exemplum
928 1381 1069 1416 scholii
1099 1381 1198 1416 Don.
1230 1380 1265 1417 3.

232 1442 333 1479 Cum
375 1446 512 1479 autem
556 1442 708 1479 scholia
744 1443 946 1478 rhetorica
984 1443 1203 1478 identidem
1240 1443 1499 1487 excluserim,
1529 1445 1575 1479 ab
1604 1444 1718 1480 initio
1748 1445 1890 1481 harum

179 1505 490 1540 adnotationum
519 1505 722 1540 succincte
750 1504 935 1547 referam,
965 1514 1067 1548 quae
1097 1506 1143 1540 de
1172 1505 1416 1540 scholiorum
1441 1506 1733 1541 rhetoricorum
1758 1509 1892 1543 aucto-

179 1566 300 1602 ritate
328 1567 368 1601 in
398 1567 629 1602 commento
659 1566 864 1610 disputavi
895 1567 934 1601 in
963 1567 1251 1611 Mnemosynes
1281 1566 1496 1610 fasciculis,
1523 1567 1599 1602 vol.
1627 1567 1675 1603 33
1691 1568 1740 1612 (a.
1763 1568 1888 1611 1905).

181 1627 294 1669 (Vide
330 1629 399 1672 ibi,
438 1629 597 1672 praeter
636 1627 934 1663 conclusionem
963 1628 1003 1663 in
1042 1628 1120 1664 fine
1159 1629 1408 1672 propositam
1441 1639 1477 1673 p.
1510 1629 1584 1665 267
1614 1639 1684 1674 sq.,
1716 1640 1762 1665 ea
1791 1641 1891 1674 quae

181 1690 352 1735 exposui
394 1691 449 1726 de
494 1690 743 1725 universo
787 1699 976 1734 genere
1014 1690 1280 1726 rhetorico
1319 1700 1356 1735 p.
1399 1691 1473 1727 125
1504 1701 1603 1735 sqq.,
1635 1692 1681 1727 de
1710 1692 1892 1737 Eugra-

181 1752 299 1796 phio
329 1762 366 1796 p.
400 1751 473 1787 129
498 1761 596 1795 sqq.‚
623 1752 679 1787 de
709 1751 936 1787 scholiis
967 1752 1154 1788 Donati
1184 1762 1299 1789 vere
1328 1753 1619 1789 rhetoricis
1646 1763 1682 1798 p.
1702 1754 1775 1790 139
1793 1765 1892 1800 sqq.,

182 1815 236 1850 de
278 1813 500 1850 scholiis
543 1813 733 1849 Donati
775 1813 1197 1850 semirhetoricis
1236 1824 1272 1859 p.
1317 1815 1390 1850 146
1429 1825 1528 1860 sqq.,
1567 1817 1622 1850 de
1666 1816 1891 1851 scholiis

182 1876 468 1912 rhetoricis
509 1875 862 1920 interpolatis
907 1886 943 1920 p.
990 1876 1064 1912 229
1108 1887 1205 1922 sqq„
1249 1878 1304 1913 de
1349 1877 1567 1913 scholiis
1609 1878 1891 1914 rhetoricis

184 1937 352 1973 dubiis
391 1948 428 1982 p.
459 1937 535 1974 255
565 1947 663 1982 sqq.,
705 1938 760 1973 de
799 1937 1022 1974 scholiis
1062 1939 1350 1975 rhetoricis
1380 1941 1436 1974 ad
1466 1939 1717 1984 prologos
1748 1949 1784 1983 p.
1816 1938 1893 1974 262

181 2003 279 2043 sqq.)
317 2000 373 2035 Ex
414 1999 477 2035 his
514 2000 749 2044 praecipuas
788 2000 1066 2037 conclusiones
1095 2001 1159 2037 hic
1187 2003 1385 2046 repetam,
1415 2002 1566 2037 addens
1595 2001 1715 2037 simul
1744 2000 1893 2036 scholia

179 2061 257 2098 illic
284 2062 584 2107 praetermissa.
1952 2050 1959 2054 ’

235 2124 434 2168 Apparuit
471 2123 673 2160 scholia
710 2134 827 2160 vere
856 2124 1124 2160 rhetorica
1153 2125 1342 2160 Donati
1371 2134 1487 2160 rara
1517 2134 1649 2160 esse.
1678 2124 1891 2159 Inveniun-

181 2186 249 2220 tur
277 2186 323 2221 ad
353 2195 591 2222 scaenarum
618 2186 732 2222 initia
760 2187 800 2222 et
830 2187 983 2231 passim
1013 2188 1053 2222 in
1082 2186 1182 2231 ipsis
1212 2186 1382 2222 scaenis.
1412 2187 1472 2221 Ad
1498 2195 1735 2222 scaenarum
1760 2185 1892 2221 initia:

182 2247 307 2283 Andr.
350 2247 411 2283 26.
454 2248 486 2293 1,
527 2247 614 2284 236.
658 2247 692 2293 3,
734 2247 820 2284 375.
865 2249 898 2293 1,
938 2248 1025 2284 820.
1069 2249 1103 2294 2,
1136 2248 1223 2284 872.
1257 2249 1290 2284 1.
1321 2248 1392 2284 Ad.
1426 2248 1512 2284 254.
1546 2248 1580 2292 1,
1611 2247 1697 2283 288.
1730 2246 1765 2282 3.
1796 2247 1891 2284 Hee.

188 2308 273 2345 198.
319 2309 352 2345 1.
395 2309 430 2345 3.
474 2309 571 2345 Pho.
609 2309 698 2345 348.
739 2310 782 2355 13
821 2310 861 2345 in
898 2311 998 2354 ipsis
1029 2310 1208 2346 scaenis:
1240 2310 1362 2346 Andr.
1395 2309 1482 2345 328.
1514 2310 1550 2354 4,
1581 2308 1669 2345 931.
1700 2310 1771 2344 Ad.
1803 2308 1890 2344 929.

183 2370 288 2406 Pho:
308 2370 419 2406 1016.
446 2371 602 2407 Scholia
633 2372 1060 2417 semirhetorica,
1091 2381 1215 2415 quae
1244 2370 1687 2415 interpretationi
1714 2370 1890 2415 potius

184 2441 329 2476 quam
369 2433 714 2469 institutioni
746 2433 1070 2476 inserviunt,
1110 2433 1247 2469 notavi
1277 2434 1326 2468 ad
1355 2433 1547 2469 Andriam
1578 2432 1638 2468 35.
1674 2433 1705 2477 1,
1740 2431 1824 2467 148.
1856 2431 1890 2475 3,

186 2493 273 2529 282.
317 2493 352 2539 2,
397 2494 486 2530 284.
525 2495 559 2540 2,
600 2494 688 2530 312.
730 2494 765 2538 5,
800 2494 888 2530 367.
923 2495 955 2539 1,
988 2494 1077 2530 625.
1110 2495 1144 2539 1,
1175 2494 1264 2530 769.
1296 2494 1332 2531 2.
1362 2495 1450 2530 771.
1482 2494 1517 2537 2,
1548 2494 1636 2530 804.
1669 2494 1704 2537 4,
1736 2493 1823 2528 882.
1858 2493 1889 2528 1.

185 2554 274 2592 883.
312 2555 402 2591 913.
444 2557 476 2591 1.
518 2557 617 2592 Eun.
659 2556 719 2592 88.
754 2557 786 2600 1,
819 2556 880 2592 98.
914 2557 949 2602 2,
982 2557 1068 2592 144.
1102 2557 1134 2600 1,
1171 2557 1256 2592 160.
1291 2558 1331 2600 13.
1364 2556 1452 2592 666.
1483 2555 1518 2599 3,
1551 2555 1636 2591 691.
1670 2555 1704 2599 2,
1736 2555 1822 2590 864.
1855 2554 1890 2598 2,

188 2617 299 2653 1071.
332 2618 366 2652 1.
400 2619 473 2653 Ad.
504 2618 564 2653 53.
597 2619 630 2663 1,
661 2618 722 2654 84.
755 2619 789 2663 4,
821 2618 882 2654 86.
915 2619 950 2663 2,
981 2618 1042 2654 90.
1076 2618 1110 2663 3,
1144 2618 1229 2654 156.
1264 2618 1297 2663 2,
1331 2618 1419 2654 458.
1452 2618 1486 2658 2,
1519 2617 1606 2652 481.
1635 2617 1669 2659 2,
1696 2615 1783 2660 598,
1801 2615 1891 2659 806,

185 2678 272 2714 996.
315 2679 409 2714 Hec.
456 2679 544 2723 141,
584 2679 671 2722 203,
714 2680 803 2724 237,
844 2680 931 2715 238.
975 2681 1008 2724 1,
1049 2680 1136 2715 361.
1178 2680 1213 2723 3,
1245 2680 1332 2715 382.
1367 2680 1400 2722 1,
1432 2678 1520 2714 383.
1552 2678 1585 2715 6.
1618 2678 1704 2713 387.
1738 2678 1769 2721 1,
1802 2676 1889 2721 391,

187 2739 274 2775 405.
317 2741 349 2784 1,
391 2740 478 2785 480,
510 2740 596 2776 539.
630 2741 663 2786 2,
695 2741 782 2776 541.
815 2741 850 2785 2,
882 2741 957 2776 548
990 2741 1023 2783 1,
1055 2741 1142 2776 554.
1178 2742 1211 2785 1,
1243 2740 1330 2784 560,
1363 2740 1451 2776 577.
1485 2741 1517 2784 1,
1550 2739 1636 2775 619.
1671 2740 1701 2780 1,
1736 2738 1822 2774 623.
1854 2738 1889 2782 3,

187 2800 275 2836 727.
308 2802 340 2847 1,
373 2801 461 2837 732.
492 2801 579 2837 760.
613 2803 646 2838 1.
677 2802 774 2838 Pho.
806 2802 894 2838 272.
927 2802 961 2846 2,
994 2802 1069 2838 275
1103 2803 1136 2839 1.
1167 2802 1201 2838 2.
1239 2801 1274 2847 3,
1306 2801 1394 2847 281,
1427 2801 1514 2838 293.
1547 2801 1582 2846 3,
1613 2800 1700 2836 352.
1733 2800 1767 2844 2,
1800 2799 1888 2835 357.

190 2862 223 2907 1,
255 2861 342 2899 359.
376 2863 410 2908 1,
441 2863 530 2899 453.
563 2864 595 2899 1.

238 2923 311 2967 Qui
339 2925 438 2961 artis
465 2925 689 2961 rhetoricae
718 2926 852 2961 minus
882 2935 1035 2970 gnarus
1061 2927 1142 2970 est,
1168 2925 1267 2962 haec
1292 2925 1441 2961 scholia
1466 2932 1757 2969 saepenumero
1779 2932 1887 2958 mere

183 2984 490 3030 interpretativa
519 2996 610 3022 esse
638 2987 862 3023 crediderit.

238 3047 402 3091 Reliqua
442 3048 660 3092 rhetorica,
704 3049 738 3083 si
780 3044 899 3084 dubia
941 3050 1138 3092 quaedam
1175 3048 1419 3092 excipimus,
1459 3055 1628 3082 numero
1665 3045 1745 3080 fere
1787 3054 1830 3079 cc
1867 3054 1889 3079 a

186 3107 414 3144 scholiastis
466 3112 654 3154 prompta
708 3112 805 3146 sunt
861 3120 882 3145 e
924 3110 1134 3145 rhetorum
1183 3109 1341 3153 libellis,
1392 3108 1432 3143 in
1482 3108 1624 3151 quibus
1666 3105 1889 3141 fabularum
