2242 3443
826 1027 1162 1078 HECYRA

164 1336 342 1381 Primum
372 1338 503 1372 denuo
534 1337 741 1372 dicendum
771 1337 834 1371 est
864 1337 910 1371 de
940 1335 1161 1371 scholiis
1192 1335 1489 1371 rhetoricis.

164 1398 261 1434 Cum
304 1398 456 1442 prologi
498 1408 747 1442 scaenaeque
790 1397 1014 1442 permultae
1051 1398 1350 1433 controversias
1388 1400 1427 1432 et
1466 1405 1730 1440 personarum
1760 1394 1874 1439 quasi

110 1459 236 1504 litigia
272 1460 518 1504 contineant,
549 1460 645 1496 haec
674 1459 806 1495 fabula
836 1468 929 1503 prae
959 1459 1104 1495 ceteris
1133 1459 1233 1494 artis
1263 1457 1513 1493 institutioni
1544 1458 1760 1493 utilissima
1788 1467 1878 1492 esse

112 1521 197 1557 visa
238 1523 315 1566 est,
359 1523 464 1557 unde
505 1521 657 1558 factum
695 1523 739 1557 ut
776 1521 815 1557 in
858 1522 1133 1557 commentum
1172 1531 1253 1556 non
1283 1520 1418 1556 minus
1448 1530 1567 1564 quam
1598 1519 1725 1555 CXVI
1754 1518 1875 1562 magi-

112 1586 291 1619 strorum
333 1584 484 1619 scholia
526 1583 725 1619 rhetorica
764 1583 926 1627 ingesta
969 1583 1064 1628 sint,
1102 1583 1282 1627 dispersa
1320 1592 1390 1626 per
1420 1581 1610 1626 prologos
1640 1582 1680 1616 et
1710 1589 1876 1616 scaenas

113 1645 210 1680 XIV
229 1643 270 1688 ¹).
311 1645 492 1680 Donatus
522 1654 680 1688 quoque
709 1644 812 1680 hanc
840 1644 955 1680 officii
984 1646 1140 1688 partem
1171 1644 1210 1679 in
1238 1644 1572 1688 interpretatione
1600 1652 1679 1678 non
1710 1652 1877 1686 prorsus

114 1706 306 1752 neglexit,
336 1707 405 1741 sed
435 1706 542 1741 dedit
571 1706 722 1742 scholia
751 1705 870 1741 XXV
898 1705 1202 1741 semirhetorica
1231 1706 1277 1740 ad
1307 1705 1496 1750 prologos
1517 1713 1763 1747 scaenasque
1788 1702 1874 1745 V2).

115 1769 135 1804 l
219 1769 243 1803 4
282 1767 629 1804 semirhetoricum
660 1768 817 1803 Donati.
938 1768 959 1802 7
990 1767 1024 1802 si
1055 1767 1279 1810 genuinum
1307 1767 1384 1812 est,
1413 1767 1515 1810 quod
1545 1766 1683 1801 dubito
1714 1766 1877 1809 propter

197 1830 425 1875 15.4Don.‚
457 1830 716 1865 coniunctum
745 1829 817 1865 fuit
857 1839 946 1864 cum
977 1830 1012 1865 5.
1044 1829 1234 1865 Similiter
1257 1829 1295 1864 in
1319 1829 1550 1864 commento
1576 1827 1669 1862 olim
1698 1826 1875 1870 positum

193 1891 319 1927 fuisse
348 1891 505 1927 videtur
535 1891 842 1935 paronomasiae
872 1891 1102 1935 exemplum
1134 1900 1182 1925 ex
1212 1890 1391 1925 Homero
1421 1890 1513 1933 post
1542 1890 1579 1925 8.
1662 1889 1684 1924 5
1715 1899 1737 1922 α
1764 1889 1874 1923 nota-

193 1952 249 1988 vit
278 1952 441 1989 Wessn.

221 2014 244 2050 3
273 2014 321 2050 cf.
350 2016 398 2050 ad
427 2014 528 2050 Eun.
556 2015 616 2051 79.

116 2075 139 2111 3
224 2076 241 2111 1
283 2075 480 2111 scholium
520 2075 625 2111 illius
664 2076 730 2119 qui
767 2076 888 2112 falsas
927 2078 997 2112 aut
1037 2076 1189 2111 otiosas
1229 2075 1424 2110 dictorum
1456 2074 1560 2110 inter
1590 2083 1633 2109 se
1662 2072 1875 2108 relationes

194 2137 412 2173 identidem
444 2138 658 2183 quaesivit,
688 2139 736 2173 de
766 2148 844 2181 quo
875 2138 963 2173 vide
993 2139 1038 2173 ad
1069 2138 1144 2173 Ad.
1173 2138 1236 2174 45.
1266 2137 1300 2173 3.

117 2199 141 2234 4
226 2200 244 2234 1
276 2199 322 2237 cf.
353 2199 608 2243 Eugraphius
638 2201 684 2235 de
711 2199 809 2243 prol.
840 2209 877 2244 p.
908 2199 994 2237 259.
1028 2200 1074 2236 15
1104 2209 1203 2244 sqq.,
1230 2198 1427 2234 scholium
1452 2197 1696 2233 rhetoricum
1715 2196 1875 2240 retinui⁷

197 2261 361 2296 tametsi
392 2261 510 2296 iuxta
537 2261 636 2296 Don.
668 2261 691 2296 2
721 2261 795 2296 hoc
823 2271 980 2305 quoque
1011 2261 1046 2297 ei
1074 2261 1333 2296 tribuendum
1364 2269 1457 2295 esse
1486 2261 1549 2295 est
1572 2259 1674 2302 quod
1701 2258 1876 2293 dubites.

119 2323 142 2359 5
224 2322 269 2358 cf.
301 2323 372 2358 Ad.
404 2322 491 2360 346.
522 2322 556 2358 2.
644 2324 662 2358 7
699 2323 717 2358 1
749 2323 795 2358 ad
826 2323 901 2358 An.
925 2323 1013 2360 508.
1041 2322 1076 2367 2,
1102 2324 1140 2357 et
1166 2322 1268 2357 infra
1288 2321 1350 2359 30.
1435 2321 1458 2356 2
1481 2331 1505 2356 α
1528 2320 1688 2356 notavit
1714 2319 1875 2354 Wessn.

115 2013 139 2049 [Q

167 2513 188 2554 ¹)
222 2511 319 2546 Prol.
353 2511 406 2546 14.
439 2512 493 2546 20.
527 2512 580 2546 28.
613 2511 657 2545 29
683 2510 728 2553 (1.
752 2510 784 2544 2.
806 2510 853 2553 3).
878 2511 933 2545 30.
957 2511 1012 2545 31.
1037 2511 1091 2546 32.
1115 2511 1159 2546 49
1186 2512 1230 2552 (1.
1255 2511 1301 2554 2).
1326 2510 1379 2545 57.
1405 2510 1464 2545 Sc.
1492 2510 1506 2544 l
1532 2508 1641 2544 2:76.
1667 2508 1722 2543 86.
1747 2508 1800 2543 91.
1825 2507 1879 2541 92.

114 2564 176 2604 94;
211 2564 290 2601 128.
316 2564 357 2599 31
386 2564 430 2608 (2.
462 2565 507 2607 3).
540 2564 596 2599 33.
627 2563 682 2597 38.
710 2562 764 2596 43.
796 2563 851 2598 46.
884 2563 939 2598 64.
967 2564 1021 2598 68.
1047 2565 1101 2599 80.
1181 2564 1224 2598 11.
1249 2568 1287 2598 1:
1313 2563 1367 2599 98.
1391 2563 1452 2603 99;
1479 2562 1560 2598 206.
1588 2563 1640 2596 10.
1665 2562 1718 2595 20.
1743 2561 1797 2595 23.
1825 2560 1879 2593 24.

114 2617 168 2651 35.
240 2616 273 2651 11
297 2617 346 2651 2:
367 2617 410 2652 47
434 2611 480 2660 (1.
503 2617 549 2659 3).
574 2616 628 2650 51.
652 2615 707 2650 52.
732 2615 786 2649 54.
812 2616 866 2650 55.
890 2616 945 2651 60.
970 2616 1025 2651 62.
1050 2617 1107 2652 63.
1132 2618 1176 2660 (1.
1201 2617 1247 2661 2).
1272 2617 1327 2651 66.
1352 2616 1405 2650 70.
1431 2615 1485 2649 71.
1554 2614 1616 2648 Ill.
1644 2614 1735 2648 1:11
1763 2613 1807 2656 (3.
1833 2613 1878 2654 4).

114 2669 159 2703 82
191 2671 234 2712 (1.
268 2670 303 2709 2)
334 2670 388 2705 83.
421 2670 476 2704 84.
506 2669 550 2704 92
577 2670 620 2712 (1.
649 2669 694 2711 3).
718 2668 781 2709 94;
806 2668 885 2704 305.
911 2670 962 2704 10.
990 2669 1043 2704 12.
1114 2669 1164 2704 111
1189 2670 1301 2704 2:36.
1326 2669 1380 2703 43.
1405 2669 1460 2702 45.
1529 2667 1579 2701 111
1603 2666 1722 2700 3:82.
1745 2665 1799 2699 86.
1824 2665 1878 2699 89.

115 2722 176 2762 92:
211 2723 294 2758 400.
375 2722 436 2757 III.
474 2723 494 2757 5
517 2735 525 2756 :
551 2721 605 2756 70.
638 2720 692 2754 71.
724 2720 784 2761 92;
855 2720 906 2755 1V
940 2722 957 2756 1
980 2735 987 2756 ε
1010 2723 1088 2758 522.
1122 2723 1177 2757 28.
1209 2722 1260 2757 30.
1287 2721 1341 2756 32.
1367 2722 1412 2765 (1.
1441 2720 1488 2763 2).
1511 2720 1565 2754 33.
1591 2719 1645 2753 34.
1668 2719 1723 2752 36.
1747 2717 1801 2752 47.
1824 2717 1879 2751 49.

118 2775 168 2809 IV
201 2776 250 2810 2:
271 2775 324 2810 77.
355 2776 409 2810 79.
441 2775 495 2809 80.
520 2774 575 2808 83.
598 2773 653 2807 85.
677 2772 730 2807 87.
756 2773 801 2807 89
825 2773 871 2814 (1.
895 2773 927 2807 2.
951 2774 999 2816 3).
1022 2775 1077 2810 90.
1100 2775 1160 2814 93;
1187 2775 1267 2810 600.
1292 2775 1327 2808 5.
1403 2773 1464 2807 lV.
1491 2773 1533 2806 3:
1563 2772 1614 2806 13.
1684 2770 1745 2805 IV.
1769 2770 1879 2804 4:25.

116 2829 172 2862 31.
206 2829 251 2863 58
287 2841 369 2873 sqq.
405 2828 459 2863 77.
494 2827 549 2861 84.
583 2826 646 2865 97;
716 2824 766 2859 Vl
789 2838 796 2859 :
818 2825 897 2860 727.
933 2826 976 2860 43
1008 2826 1053 2869 (2.
1084 2828 1115 2861 5.
1144 2828 1176 2862 6.
1208 2828 1254 2870 8).
1287 2826 1331 2860 44
1364 2826 1408 2868 (3.
1434 2825 1478 2868 8)Δ
1501 2825 1556 2860 46.
1580 2824 1635 2859 53.
1706 2822 1737 2855 V
1762 2822 1882 2861 2:73:

122 2880 152 2915 V
175 2881 312 2917 3:823.
335 2882 389 2916 25.
414 2881 468 2915 37.
494 2881 548 2915 40.

164 2934 189 2976 ²)
219 2933 313 2968 Ptol.
347 2935 376 2968 1.
405 2934 436 2968 4.
467 2933 520 2968 49.
550 2932 606 2966 55.
675 2930 732 2965 Se.
759 2930 773 2964 1
798 2929 933 2966 2:118.
960 2932 1014 2966 38.
1041 2933 1085 2968 98
1110 2935 1157 2975 (1.
1182 2934 1227 2976 4).
1253 2932 1314 2972 99;
1343 2931 1423 2967 203.
1448 2931 1479 2965 4.
1509 2931 1561 2964 10.
1631 2930 1662 2964 II
1689 2928 1800 2962 2:45.
1825 2928 1879 2961 50.

119 2986 163 3020 59
194 2987 239 3027 (1.
272 2987 318 3029 2).
349 2987 403 3021 60.
434 2987 489 3021 61.
517 2985 571 3020 63.
597 2984 642 3018 69
667 2984 710 3024 (1.
736 2983 784 3025 2).
854 2983 904 3017 111
932 2985 1027 3019 1:81
1057 2986 1102 3029 (1.
1125 2987 1172 3029 2).
1243 2985 1293 3019 111
1317 2984 1449 3018 3:361.
1520 2982 1582 3016 IV.
1605 2981 1738 3016 3:607.
1808 2979 1879 3021 Qui

118 3038 209 3086 haec
241 3038 386 3073 scholia
414 3035 688 3084 comparaverit
712 3047 793 3069 cum
819 3036 1010 3080 prioribus
1036 3038 1122 3078 illis,
1147 3038 1291 3073 videbit
1315 3036 1406 3081 quid
1431 3035 1581 3070 intersit
1605 3035 1703 3070 inter
1727 3033 1880 3068 adnota-

120 3089 243 3124 tiones
268 3090 431 3125 rhetoris
456 3092 494 3125 et
520 3086 751 3132 interpretis.
