2242 3443
340 330 414 366 667

343 895 420 931 668

344 1277 421 1312 669

346 1836 424 1872 670

347 1988 421 2024 671

348 2442 426 2479 672

349 2593 427 2629 673

351 2821 428 2858 674

1186 197 1267 235 190

548 324 566 361 1
614 333 708 361 NAM
756 333 890 361 rmum
925 331 1085 367 Amouo
1124 333 1442 361 CONCLUSISSEM
1475 322 1584 360 mire
1618 320 1963 362 ‘conclusissem'
1997 322 2109 362 dixit

489 402 537 439 ut
583 399 744 446 feram;
794 399 857 437 sic
905 399 1005 438 alibi
1056 398 1326 438 ‘conclusam
1375 399 1444 437 hic
1492 397 1628 436 habeo
1677 408 1861 437 uxorem
1909 401 2105 438 saevam·

490 475 608 516 (Pho.
645 476 759 520 745).

663 550 684 584 2
722 559 854 591 NEQUE
891 558 972 586 mm
1009 559 1275 586 commsmsam
1317 558 1512 585 vmemma
1542 548 1575 584 si
1605 549 1666 585 vel
1696 550 1916 585 amatorem
1945 550 2107 585 tantum

611 613 903 640 memlnlssem.

1216 736 1256 774 4.

550 890 568 926 1
613 899 687 927 Ext
730 897 868 926 FoRAs
911 897 1119 927 scennsrn
1162 898 1217 925 AT
1250 897 1387 926 ETIAM
1420 896 1627 925 RsssrrrAs
1658 896 1865 925 ruem-wa
1895 887 2111 926 iucundus

491 975 610 1004 error
651 966 693 1004 in
736 975 820 1012 quo
863 974 949 1003 non
993 964 1164 1003 dubitat
1207 964 1421 1003 Phaedria
1452 964 1597 1013 ipsum
1632 973 1729 1003 esse
1761 963 1834 1011 qui
1866 964 2111 1014 quaeritur,

496 1051 650 1081 verum
683 1041 865 1090 insuper
898 1041 961 1079 sic
993 1041 1267 1090 aggreditur,
1301 1042 1528 1089 tamquam
1563 1041 1624 1079 sit
1645 1036 1672 1088 .¹)
1704 1040 1809 1089 ipse.
1845 1041 1869 1078 2
1903 1049 2112 1079 somnam
2167 1049 2173 1052 “
2239 1049 2242 1078 ;

491 1118 619 1166 quale
652 1119 720 1156 est
751 1117 989 1156 scelestum
1023 1117 1250 1167 appellari,
1280 1117 1354 1165 qui
1386 1116 1492 1155 nihil
1522 1116 1647 1156 sciat.
1677 1117 1702 1156 3
1730 1127 1937 1156 Rns‘rims
1965 1127 2110 1156 neces·

493 1194 611 1234 sario
645 1194 821 1232 restitat
854 1194 927 1241 qui
960 1194 1148 1232 miratur
1180 1204 1227 1232 se
1265 1193 1475 1242 protrahi.

549 1272 565 1309 l
614 1279 820 1308 Fueirrvn
863 1272 906 1309 et
943 1270 1181 1309 scelestum
1213 1272 1257 1309 et
1288 1270 1527 1319 fugitivum
1560 1270 1776 1319 increpat,
1809 1269 1853 1308 in
1886 1269 2003 1309 hunc
2036 1270 2112 1309 cri-

494 1357 595 1386 men
638 1347 910 1385 transferens
946 1345 1179 1385 Chaereae.
1213 1346 1238 1385 2
1274 1356 1402 1385 PRonr
1434 1357 1554 1385 MALE
1587 1356 1842 1385 concamium
1874 1348 2113 1395 opportune

495 1423 754 1463 adulescens
795 1425 837 1462 et
880 1423 949 1461 hic
992 1422 1227 1471 exprobrat
1264 1433 1428 1462 munus
1459 1432 1621 1471 magno
1654 1426 1877 1471 emptum;
1910 1423 1936 1461 3
1971 1418 2113 1462 ‘male’

494 1509 654 1548 magno
696 1497 933 1547 significat,
978 1500 1027 1537 ut
1066 1497 1248 1537 Plautus
1280 1499 1324 1537 in
1357 1498 1694 1548 Amphitryone,
1727 1497 1850 1537 ‘haec
1881 1508 1967 1537 nox
2002 1498 2115 1537 scita

495 1578 563 1614 est
593 1574 834 1615 exercendo
867 1576 1012 1614 scorto
1045 1575 1260 1614 conducto
1292 1574 1420 1613 male'
1454 1578 1510 1620 (v.
1544 1570 1662 1620 288).

669 1651 691 1685 4
731 1649 835 1694 Ergo
874 1649 991 1685 ‘male
1028 1649 1247 1686 conciliate'
1286 1659 1466 1693 magno
1510 1650 1681 1693 empte
1709 1648 1923 1693 significat,
1952 1649 1975 1684 5
2004 1658 2113 1685 MALE

613 1714 644 1740 c.
683 1703 813 1740 omnis
851 1704 1067 1740 conventio
1097 1703 1415 1747 uniuscuiusque
1458 1704 1670 1747 unicuique
1707 1703 2007 1740 conciliatio
2044 1713 2114 1740 no-

613 1759 810 1794 minatur:
843 1757 1124 1794 ‘conciliatum'
1153 1767 1247 1802 ergo
1277 1767 1425 1802 magno
1455 1759 1650 1803 emptum.

548 1841 597 1870 os
628 1842 683 1869 UT
716 1841 801 1868 srssr
834 1840 1054 1869 Disronsrr
1087 1837 1130 1869 et
1163 1830 1232 1869 hic
1264 1840 1436 1869 memor
1463 1830 1722 1869 adulescens
1747 1829 1998 1869 insinuandi
2023 1840 2114 1869 mu-

496 1907 614 1946 neris
646 1907 759 1946 dixit
791 1907 915 1945 illum
949 1917 998 1946 os
1031 1907 1113 1945 sibi
1146 1907 1419 1956 distorsisse,
1455 1906 1528 1955 qui
1559 1908 1719 1946 natura
1750 1906 1810 1945 sit
1840 1905 2033 1956 pulcher.

555 1985 573 2021 1
611 1993 715 2028 Qum
748 1994 836 2021 ΤιΒι
870 1994 958 2022 Huc
991 1993 1164 2022 REDITIO
1199 1994 1272 2022 EST
1299 1982 1524 2031 eleganter
1557 1982 1714 2022 reditio
1743 1982 1782 2022 ei
1809 1981 2013 2031 obicitur,
2043 1982 2115 2030 qui

495 2068 650 2097 revera
682 2059 776 2107 loco
808 2069 855 2097 se
888 2069 974 2098 non
1008 2061 1212 2098 moverit.
1247 2060 1271 2097 2
1302 2069 1404 2104 Qum
1433 2069 1580 2098 vnsrrs
1606 2068 1801 2098 MUTATIO
1828 2059 1892 2097 sic
1919 2060 2112 2105 veteres;

495 2134 680 2173 Plautus
722 2135 765 2173 in
809 2135 1068 2174 Trinummo
1110 2135 1225 2184 ‘quid
1259 2135 1340 2174 tibi
1380 2135 1667 2184 interrogatio
1700 2137 1776 2174 aut
1806 2135 1850 2174 in
1883 2134 2113 2174 consilium

496 2210 580 2249 huc
621 2211 862 2250 accessi0?’
907 2215 962 2256 (ν.
1007 2212 1120 2260 709),
1156 2211 1376 2251 Caecilius
1408 2211 1452 2250 in
1477 2207 1756 2265 Ἁρπαζομένῃ
1789 2209 1904 2259 ‘quid
1936 2210 2017 2250 tibi
2047 2220 2113 2250 ac-

494 2286 635 2334 ceptio
668 2292 736 2326 est
765 2288 1077 2335 argumentum
1107 2289 1184 2326 aut
1211 2287 1263 2326 de
1292 2297 1389 2326 meo
1416 2297 1565 2327 amore
1581 2286 1851 2327 verbificatio
1870 2288 1939 2327 est
1953 2287 2114 2337 patri?’

497 2362 634 2403 (Ribb.
669 2372 712 2401 v.
745 2361 833 2414 62).

550 2448 790 2477 PAULULUM
833 2449 871 2477 SI
914 2449 1154 2478 CESSASSEM
1191 2449 1381 2478 PYTHIAS
1413 2439 1629 2479 familiare
1659 2439 1785 2478 iratis
1817 2441 1884 2479 est
1915 2441 2113 2479 avertere

498 2523 546 2553 se
579 2513 632 2552 ad
665 2514 800 2553 aliam
833 2525 1067 2563 personam
1101 2515 1153 2554 ab
1189 2525 1261 2564 ea,
1295 2516 1340 2555 in
1372 2525 1506 2564 quam
1539 2517 1918 2555 commoveantur.

556 2590 576 2628 1
622 2600 697 2628 ITA
740 2600 821 2628 IAM
863 2601 1130 2629 ADORNABAT
1162 2601 1316 2630 FUGAM
1348 2592 1488 2630 vestis
1521 2593 1696 2630 mutatu
1715 2591 1897 2644 scilicet,
1932 2601 2036 2631 nam
2067 2591 2112 2629 li-

497 2664 588 2704 beri
618 2667 789 2705 vestem
824 2666 1011 2705 habebat
1042 2668 1194 2716 utpote
1229 2666 1465 2716 Chaereae,
1495 2668 1611 2706 servi
1639 2678 1742 2707 vero
1769 2669 1901 2716 atque
1927 2665 2114 2707 eunuchi

500 2741 773 2790 deposuerat.
808 2743 832 2780 2
866 2753 941 2781 ITA
972 2753 1054 2782 IAM
1086 2755 1129 2782 A.
1164 2745 1214 2782 ut
1245 2753 1377 2792 supra
1410 2742 1653 2782 ‘adornant’
1696 2745 1745 2782 ut
1769 2743 1888 2782 lavet
1912 2745 1967 2784 (v.
1997 2742 2111 2788 593).

557 2819 576 2856 1
607 2827 810 2856 HABESNE
838 2829 1043 2857 Hominum
1070 2830 1222 2858 AMABO
1249 2820 1358 2858 haec
1386 2820 1534 2858 omnia
1560 2819 1743 2868 Pythias
1771 2829 1955 2858 cernens
1982 2828 2110 2858 eunu-

499 2894 630 2932 chum
672 2893 879 2942 loquitur.
923 2895 976 2936 (α)
1021 2896 1045 2932 2
1089 2905 1241 2940 omnm
1274 2905 1461 2934 HABEAM
1496 2894 1673 2943 ‘quidni'
1707 2895 1836 2944 quid
1867 2895 1998 2944 nisi,
2030 2894 2111 2932 hoc

500 2971 568 3008 est
600 2979 695 3008 cur
727 2979 830 3008 non
863 2969 1132 3009 habeam?

407 3082 431 3124 ¹)
456 3079 762 3115 Scheidemantel
789 3093 878 3115 corr.
900 3081 1029 3121 ‘sciat’,
1053 3082 1215 3117 tortasse
1238 3083 1352 3117 recte.
