2242 3443
244 255 470 284 Ananpnon
1110 243 1134 282 2

264 380 287 411 15

266 531 284 566 7

238 1197 286 1232 10

238 1431 282 1466 11

239 1950 286 1986 13

235 2089 285 2126 14

236 2243 285 2278 15

237 2550 285 2585 16

234 2836 284 2871 19

232 2985 283 3019 20

390 381 868 409 smwo‘rnmsconrns
903 381 1066 408 nimrim
1096 380 1315 408 conionum
1345 381 1417 408 Esr
1447 381 1526 409 nec
1552 372 1725 411 numeri
1744 383 1824 412 nec
1841 383 2004 422 genera

327 447 600 496 respicienda
632 450 734 484 sunt
768 449 919 485 contra
953 446 1218 485 sententiam
1252 456 1433 494 remque
1467 447 1627 495 ipsam.

384 534 473 562 EAM
494 532 823 561 cmmommrns
842 533 1039 561 PLAUTUS
1058 533 1177 561 mcii*
1198 533 1408 561 FABULAM
1429 524 1474 561 ut
1493 523 1607 571 apud
1620 523 1912 574 Graecosclp&
1927 541 1952 574 μ
1968 541 2007 578 a,

327 601 390 639 sic
432 599 543 648 apud
588 599 767 638 Latinos
809 599 1073 647 generaliter
1112 598 1300 637 fabula
1333 599 1510 646 dicitur,
1546 600 1670 638 cuius
1701 601 1873 649 species
1904 603 2009 640 sunt

326 676 563 725 tragoedia,
597 675 842 722 comoedia,
874 677 1041 723 togata,
1070 674 1333 722 tabernaria,
1364 676 1613 722 praetexta,
1635 676 1871 725 crepidata,
1892 676 2004 716 Atel·

327 751 446 798 lana,
480 753 616 798 μῖμος,
648 750 924 789 Rinthonica.

394 829 412 866 1
449 837 493 865 IN
526 836 700 866 GRAECA
733 826 894 876 Diphili
929 827 1111 866 scilicet.

504 902 528 938 2
551 911 803 937 Annii-scens
829 912 897 937 nsi*
926 904 968 937 ut
995 903 1027 937 si
1053 903 1219 938 diceret:
1247 904 1311 937 est
1334 902 1495 946 quidam
1523 903 1761 939 adulescens
1789 903 1855 948 qui
1871 904 2004 940 lenoni

451 956 581 1000 eripit.

388 1055 432 1083 IN
458 1055 594 1083 PRIMA
620 1055 796 1083 FABULA
816 1055 891 1092 pro
910 1045 953 1083 in
972 1045 1113 1094 prima
1131 1046 1271 1093 parte,
1294 1046 1340 1083 ut
1360 1045 1548 1084 dicimus
1567 1045 1738 1094 ‘primis
1754 1046 1933 1094 digitis’;
1949 1043 2008 1098 (α)

505 1129 529 1154 a
559 1128 637 1155 non
668 1119 773 1154 enim
803 1120 843 1154 et
871 1119 1047 1154 secunda
1075 1120 1146 1154 aut
1172 1119 1293 1154 tertia
1321 1118 1465 1155 fabula.

391 1194 404 1229 1
444 1200 646 1236 aemonii*
680 1200 905 1229 1N‘rssGRUM
933 1201 1032 1229 curn
1067 1190 1152 1229 alia
1184 1191 1458 1230 transferret.
1494 1191 1518 1230 2
1546 1201 1729 1230 SUMPSIT
1758 1202 1841 1230 sim
1869 1191 2003 1231 libere

327 1267 429 1306 tulit
461 1269 532 1316 (a),
569 1269 615 1306 ut
644 1263 790 1315 (Verg.
810 1268 917 1306 Aen.
937 1268 976 1306 5.
998 1267 1098 1308 533)
1132 1266 1292 1315 ‘sume,
1329 1269 1484 1315 pater’.

506 1343 524 1377 1
556 1354 579 1376 α
608 1342 681 1377 hoc
709 1344 773 1377 est
802 1351 882 1377 non
913 1341 1072 1377 furatus
1103 1343 1177 1377 est.

393 1432 407 1468 1
449 1440 492 1468 IN
521 1440 748 1468 ADELPHOS
770 1429 922 1468 Latine
950 1430 1201 1469 declinavit.
1231 1431 1254 1468 2
1287 1440 1462 1468 VERBUM
1493 1441 1546 1468 DE
1577 1441 1713 1470 vanno
1740 1441 1996 1470 EXPRffiSUM

326 1517 512 1546 nxromrr
539 1503 609 1546 hic
633 1505 897 1554 approbatur
927 1516 1026 1545 vere
1050 1506 1101 1545 de
1120 1505 1282 1545 Graeco
1299 1517 1396 1545 esse
1415 1506 1657 1555 sublatum,
1677 1517 1762 1546 non
1781 1507 1832 1546 de
1851 1507 2006 1547 Plauto

326 1585 373 1622 ut
405 1583 509 1622 dicit
542 1583 833 1621 adversarius.

503 1657 526 1693 3
564 1666 735 1692 nx‘rumr
775 1657 872 1692 mire
912 1666 991 1692 non
1032 1657 1132 1692 dixit
1172 1657 1407 1695 ‘transtulit'
1448 1658 1517 1693 sed
1547 1656 1735 1702 ‘extulit',
1763 1658 1807 1693 ut
1836 1667 2006 1694 ornasse

449 1710 600 1747 Graeca
629 1711 814 1747 videatur
842 1711 984 1747 Latino
1015 1711 1120 1747 stilo.

385 1801 403 1837 1
434 1809 525 1837 EAM
554 1809 633 1837 nos
663 1809 819 1837 acrum
848 1798 1071 1848 Adelphos
1097 1799 1279 1839 scilicet.
1305 1800 1330 1838 2
1348 1810 1502 1838 NOVAM
1521 1802 1714 1839 veterem
1734 1798 2000 1840 Graecam

324 1874 638 1923 intellegimus.

506 1950 523 1984 1
549 1959 769 1984 warmume
794 1959 953 1985 FACTUM
980 1949 1054 1986 hoc
1079 1951 1145 1986 est
1169 1950 1280 1986 ‘vitio
1306 1951 1420 1986 duci'.
1445 1951 1539 1987 2Au
1556 1961 1687 1987 Locum
1701 1960 1999 1988 REPREHENSUM

447 2004 520 2039 hoc
547 2006 609 2039 est
639 2004 757 2039 ‘laudi
787 2005 901 2040 duci'.

387 2086 402 2121 1
440 2094 746 2122 NEGLEGENTIA
774 2095 848 2123 EST
877 2084 1022 2123 Plauti
1049 2085 1233 2134 scilicet,
1264 2086 1390 2124 cuius
1419 2085 1643 2125 ‘aemulari
1664 2089 1844 2136 exoptat
1861 2085 2004 2134 negle-

323 2162 533 2209 gentiam'
577 2153 724 2202 (Andr.
760 2160 864 2208 prol.
902 2161 984 2201 20).
1019 2161 1044 2199 2
1078 2171 1402 2200 REPREHENSUM
1436 2164 1676 2211 retentum,
1709 2163 2002 2211 resumptum.

385 2239 402 2276 1
445 2247 537 2277 ΝΛΜ
568 2246 681 2281 onon
723 2247 803 2275 reri
846 2247 1005 2275 mcum*
1043 2236 1177 2277 ‘nam’
1213 2238 1447 2287 incipiendi
1482 2238 1571 2277 vim
1607 2238 1738 2278 habet
1769 2238 1919 2288 modo,
1955 2240 2004 2277 ut

322 2314 474 2358 (Plaut.
505 2313 590 2352 Mil.
615 2313 721 2361 glor.
743 2315 782 2354 5)
802 2313 919 2352 ‘nam
939 2324 1021 2362 ego
1039 2314 1152 2353 hanc
1170 2315 1448 2353 machaeram
1470 2325 1542 2353 me
1560 2325 1665 2354 cons
1693 2316 1749 2354 u.’
1768 2315 1793 2353 2
1807 2324 2002 2353 Homnae

323 2399 503 2429 noeinns
537 2389 783 2437 Scipionem
818 2389 1074 2428 Africanum
1110 2389 1331 2438 significat
1363 2393 1408 2429 et
1439 2390 1638 2429 Laelium
1674 2390 1926 2439 Sapientem
1959 2391 2004 2429 et

325 2468 503 2506 Furium
538 2465 726 2504 Philum.

386 2546 399 2582 l
436 2554 522 2582 EUM
549 2553 772 2580 ADiUTARE
800 2542 854 2582 (a)
883 2542 1103 2581 Pacuvius
1130 2544 1173 2581 in
1202 2542 1368 2591 Chryse
1395 2542 1520 2582 (Ribb
1559 2545 1670 2590 trag.
1689 2553 1728 2591 p.
1752 2542 1848 2584 101)
1868 2541 1998 2580 ‘adiu-

323 2620 511 2658 tamini’.

503 2695 520 2728 1
553 2704 577 2728 α
606 2693 752 2737 legitur
777 2696 815 2729 et
842 2695 1042 2730 adiuvare.
1070 2695 1093 2730 2
1116 2705 1367 2737 Αεεῐῡυιῑρυε
1394 2705 1475 2730 UNA
1504 2704 1698 2729 SCRlBlsRE
1721 2703 1802 2729 non
1827 2693 1884 2728 sic
1906 2693 2000 2728 dicit

441 2747 708 2792 adversarius,
738 2757 877 2784 verum
909 2748 971 2783 hic
1000 2749 1172 2784 oratorie
1201 2751 1350 2785 crimen
1382 2758 1462 2784 non
1493 2748 1640 2793 tangit.

379 2839 451 2874 Qui
470 2838 594 2866 vome
612 2838 843 2866 UNIVERSIS
864 2839 911 2866 ΕΤ
931 2839 1095 2866 POPULO
1118 2839 1141 2866 u
1158 2829 1250 2867 niv
1264 2839 1286 2868 e
1301 2839 1425 2868 rsos
1447 2829 1520 2876 qui
1537 2828 1581 2867 in
1601 2836 1735 2867 cavea
1751 2828 1858 2866 sunt
1874 2822 1998 2874 dicit,

321 2904 585 2954 populum
619 2905 692 2951 qui
724 2905 857 2942 etiam
891 2907 1062 2952 praeter
1096 2905 1340 2954 theatrum,
1380 2906 1422 2944 id
1456 2907 1524 2943 est
1550 2904 1802 2943 universam
1833 2902 1999 2942 urbem.

377 2991 422 3018 m
454 2990 588 3018 annno
617 2979 849 3029 Scipionis,
881 2991 925 3018 m
942 2991 1038 3019 orm
1058 2981 1172 3020 Furii
1191 2981 1325 3031 Phili,
1346 2991 1390 3020 m
1409 2990 1593 3020 nneo'rro
1612 2979 1746 3019 Laelii
1764 2977 1998 3027 Sapientis.

384 3058 399 3094 1
438 3066 481 3093 IN
515 3066 690 3094 AGENDo
724 3066 898 3094 PARTEM
931 3067 1180 3095 OSTENDENT
1210 3062 1338 3108 σχῆμα
1365 3055 1637 3105 ὑπεξαίρεσιςτ
1665 3055 1736 3094 hic
1763 3054 1882 3094 enim
1909 3053 1999 3092 iam

321 3142 405 3169 non
440 3141 603 3169 senes
637 3132 897 3180 accipiendi,
933 3133 1007 3171 sed
1041 3136 1080 3171 et
1117 3135 1289 3173 ceterae
1322 3142 1556 3182 personae:
1591 3133 1616 3171 2
1650 3133 1726 3170 aut
1757 3130 1839 3179 ipsi
1871 3138 2000 3168 senes
