2242 3443
329 229 399 256 xvi

353 1083 402 1118 10

350 1767 399 1802 46

325 2375 398 2411 108

323 2603 398 2638 168

322 2678 396 2713 ⁸26*

322 2906 394 2940 311

1078 227 1333 255 PRAEFATIO.

472 352 686 391 superque
719 343 830 380 hunc
865 351 1037 380 ver-ium
1067 341 1307 380 illustravit
1334 350 1419 379 uno
1447 340 1613 379 scholio
1641 341 1689 388 2;
1711 340 1823 381 alius
1841 342 2083 383 scholiasta

472 420 568 458 huic
597 428 722 457 suam
752 418 1153 466 interpretationem
1176 416 1394 465 duplicem
1413 426 1488 466 per
1507 416 1595 455 ‘aut
1614 417 1701 456 aut’
1720 418 1939 467 opposuit.
1958 418 2083 459 Unde

471 498 616 534 sutem
651 496 874 542 utriusque
909 492 1061 532 scholii
1094 493 1295 541 repetitio
1327 495 1423 531 orta
1449 493 1526 541 sit,
1556 493 1599 532 in
1627 493 1770 533 medio
1798 494 1856 533 sit
1873 495 2082 544 positum.

725 645 952 684 Scholia
985 644 1203 683 similia
1236 645 1296 683 ad
1329 644 1671 684 Eunuchum.

590 773 750 820 Incipio
779 772 830 810 ab
859 771 1010 810 eodem
1036 779 1193 819 genere
1220 770 1333 818 quod
1361 771 1553 819 primum
1581 771 1771 810 tractavi
1798 771 1850 810 ad
1869 771 2083 811 Andriam

473 860 511 897 p.
546 848 627 886 XII
661 859 766 896 sqq.,
799 847 996 895 quodque
1029 857 1079 886 ea
1110 846 1276 885 scholia
1309 846 1634 897 complectitur,
1668 857 1780 896 quae
1812 849 1985 897 praeter
2011 847 2085 887 ali—

471 935 601 972 quam
649 923 982 962 similitudinem
1031 924 1092 962 ita
1134 925 1284 962 tamen
1326 922 1549 972 differunt,
1594 925 1642 962 ut
1685 923 1875 963 alterum
1921 924 2082 963 bonum

472 1005 516 1039 et
546 1002 767 1039 sincerum
801 1000 877 1052 sit,
909 999 1095 1038 alterum
1129 999 1264 1037 variis
1297 999 1417 1038 vitiis
1448 999 1629 1039 laboret.

471 1078 509 1125 2,
546 1083 590 1117 11
627 1077 665 1115 2.
699 1076 922 1115 Posterius
953 1075 1171 1114 scholium
1199 1085 1286 1114 non
1313 1075 1489 1124 quidem
1518 1075 1662 1115 verbis
1689 1077 1765 1116 sed
1792 1078 1941 1116 tamen
1960 1086 2081 1125 argu·

472 1155 622 1192 mento
669 1151 945 1190 simillimum
994 1154 1061 1190 est
1108 1152 1180 1200 iis,
1229 1161 1343 1200 quae
1383 1151 1590 1201 leguntur
1632 1153 1675 1191 in
1717 1151 1801 1192 fine
1836 1152 2084 1202 longissimi

470 1229 626 1268 scholii
657 1229 833 1278 prioris,
866 1228 965 1267 inde
999 1228 1052 1267 ab
1085 1228 1179 1267 his:
1209 1227 1334 1276 ‘quae
1362 1230 1515 1268 contra
1540 1230 1745 1268 naturam
1771 1229 1967 1277 iurisque
1984 1239 2080 1269 con·

471 1305 777 1352 suetudinem',
827 1307 928 1344 cett.
977 1304 1069 1343 Hoc
1111 1304 1331 1344 scholium
1373 1305 1758 1345 accuratissimum
1801 1308 1844 1345 et
1884 1305 2080 1355 amplum

472 1382 555 1419 nisi
592 1382 828 1429 genuinum
864 1383 946 1429 est,
985 1381 1131 1420 nescio
1163 1380 1339 1429 qualem
1372 1381 1562 1430 genuina
1591 1381 1759 1421 scholia
1788 1381 1977 1421 formam
2010 1381 2082 1421 ha-

473 1457 618 1496 buisse
661 1457 819 1505 aliquis
861 1458 944 1496 sibi
975 1459 1124 1497 mente
1156 1459 1386 1507 proponat.
1418 1457 1468 1497 In
1505 1459 1572 1498 11.
1606 1458 1631 1496 2
1665 1457 1805 1497 denuo
1838 1467 1924 1497 non
1955 1457 2082 1497 video

471 1544 554 1581 quo
587 1534 800 1572 referatur
831 1534 1046 1583 particula
1078 1533 1212 1573 ‘nam’
1246 1533 1315 1579 (cf.
1349 1534 1447 1574 adn.
1481 1544 1521 1583 p.
1549 1534 1672 1582 XII);
1699 1535 1814 1573 sitne
1832 1536 1982 1573 autem
2000 1533 2082 1573 hoc

471 1609 684 1649 scholium
716 1610 906 1649 imitatio
933 1609 1117 1650 Donatei
1141 1611 1185 1649 in
1213 1609 1322 1660 fine,
1350 1621 1404 1650 an
1432 1610 1698 1668 scholiastae
1725 1610 1949 1660 proprium
1967 1619 2082 1649 nunc

471 1696 555 1724 non
588 1685 800 1733 diiudico;
835 1686 1138 1725 Sabbadini
1171 1697 1196 1726 a
1226 1686 1399 1726 Donato
1432 1686 1702 1726 abiudicavit
1726 1683 1768 1732 ¹).

470 1762 508 1800 2.
542 1763 581 1801 5.
616 1762 840 1801 Scholium
873 1763 898 1801 2
931 1763 1092 1812 duplex
1124 1764 1210 1812 est,
1247 1763 1440 1812 primum
1473 1763 1524 1802 de
1555 1762 1695 1812 figura
1727 1762 1963 1811 rhetorica,
1983 1762 2080 1802 dein

469 1838 782 1878 dramaticum:
817 1839 1080 1889 explicatur,
1115 1840 1229 1879 unde
1261 1840 1320 1878 sit
1352 1839 1435 1879 hoc
1465 1840 1744 1889 repentinum
1779 1840 1823 1878 et
1853 1838 2080 1878 insolitum

469 1924 652 1953 scaenae
705 1915 882 1954 initium
939 1915 1013 1960 (‘in
1061 1916 1171 1955 haec
1218 1915 1351 1955 verba
1397 1916 1649 1965 erupisse‘);
1698 1915 1887 1955 alterum
1934 1914 2081 1964 potius

469 1990 661 2029 ethicum
704 1990 1002 2030 characterem
1043 1991 1239 2040 exhibet,
1278 1991 1383 2031 stilo
1415 1991 1635 2041 pathetico
1668 1991 1922 2041 (‘perditae’,
1957 1990 2078 2030 ‘frus—

468 2068 601 2111 stra’).
646 2065 740 2105 Vix,
772 2076 829 2105 ex
871 2068 1095 2106 communi
1137 2067 1304 2107 scholio
1343 2068 1531 2115 quodam
1565 2070 1773 2116 excerpta
1804 2076 1902 2106 esse
1932 2068 2079 2116 potue-

469 2144 571 2181 runt
602 2143 645 2180 et
678 2143 701 2180 2
735 2142 911 2191 plenum
945 2146 1076 2192 atque
1107 2144 1331 2193 integrum
1374 2144 1559 2193 videtur,
1598 2143 1701 2192 quid
1730 2143 1848 2182 enim
1875 2143 2080 2182 deesset?

470 2220 680 2258 vocabula
713 2219 919 2268 ‘perditae
952 2221 1130 2259 mentis'
1164 2223 1208 2260 et
1240 2220 1433 2260 ‘frustra’
1461 2221 1504 2260 in
1532 2219 1748 2260 scholium
1775 2219 1968 2259 sobrium
1994 2227 2080 2258 non

470 2295 746 2342 quadrarent.
1644 2347 1646 2349 v

469 2372 507 2419 3,
552 2375 628 2411 104
670 2371 708 2410 7.
755 2371 1026 2411 Alterutrum
1068 2372 1310 2422 genuinum
1352 2374 1442 2420 est;
1481 2383 1581 2412 cum
1624 2371 1886 2410 Sabbadinio
1918 2372 2081 2420 postre-

470 2457 592 2486 mum
634 2448 827 2496 seposui,
860 2448 961 2496 quia
994 2449 1345 2488 additamentum
1379 2451 1448 2488 est
1472 2459 1547 2497 per
1577 2448 1758 2487 ‘autem’
1787 2447 1839 2486 ad
1865 2446 2081 2486 scholium

469 2524 493 2561 6
527 2527 569 2561 et
598 2533 971 2571 supervacaneum
1004 2527 1103 2573 post
1140 2526 1237 2565 103.
1273 2526 1312 2565 3.

467 2598 505 2637 2.
541 2600 580 2637 6.
614 2598 723 2637 illud
756 2600 977 2648 integrum
1010 2602 1096 2650 est,
1130 2601 1173 2639 in
1207 2602 1232 2641 6
1266 2600 1412 2641 deficit
1443 2600 1712 2650 exemplum.

468 2674 506 2712 2.
541 2674 580 2712 3.
614 2673 872 2724 Utrumque,
907 2675 1019 2723 quod
1053 2678 1363 2724 argumentum
1397 2677 1574 2725 attinet,
1608 2676 1828 2723 integrum
1857 2676 1942 2724 est,
1971 2673 2080 2713 nihil

469 2749 659 2798 amplius
699 2751 955 2799 requiritur;
997 2752 1041 2790 in
1085 2752 1109 2789 2
1153 2751 1264 2791 ‘vult
1296 2753 1453 2792 dicere’
1486 2752 1633 2791 minus
1664 2752 1782 2790 recte
1813 2750 1973 2799 legitur
2003 2760 2080 2799 pro

471 2825 594 2872 ‘quod
627 2825 751 2865 dixit’
785 2827 851 2865 vel
889 2827 942 2875 ‘q.
974 2827 1118 2866 dicere
1150 2830 1379 2877 coeperat’.

468 2902 505 2939 2.
548 2902 587 2939 3.
621 2902 670 2940 111
703 2904 727 2941 2
759 2903 898 2951 ipsius
931 2903 1122 2943 Terentii
1155 2904 1288 2943 verba
1318 2909 1374 2950 (v,
1409 2905 1508 2951 308)
1542 2905 1732 2945 citantur
1764 2913 1839 2953 pro
1872 2903 2079 2951 interpre-

415 3037 436 3079 1)
461 3036 537 3072 Νο0
569 3050 645 3072 11011
679 3038 805 3073 omnia
836 3051 880 3074 ea
910 3052 1006 3084 quae
1033 3053 1102 3085 ego
1126 3053 1278 3086 quoque
1303 3041 1365 3076 hic
1388 3041 1428 3076 in
1452 3041 1709 3086 suspicionem
1735 3040 1867 3075 vocavi
1889 3038 2071 3084 usquead

325 3101 355 3124 v.
378 3088 453 3123 371.
480 3090 754 3126 Commentatio
779 3092 859 3126 eius
884 3092 1024 3127 desinit
1048 3094 1085 3128 in
1110 3092 1184 3128 fine
1209 3105 1367 3128 scaenae
1393 3092 1425 3128 11
1449 3093 1480 3128 3.
