2242 3443
127 519 205 556 633

128 747 206 783 635

127 1131 201 1167 637

128 1207 207 1244 639

129 1436 207 1473 643

131 1588 209 1625 646

133 1741 208 1777 647

134 1970 212 2006 654

137 2121 214 2157 655

137 2349 212 2385 657

137 2577 214 2614 659

137 2728 216 2764 660

137 2880 212 2915 661

968 162 1053 201 285

277 287 512 336 ‘fugitans',
557 287 809 326 accusativo
853 287 943 326 vim
985 288 1218 336 participii.
1262 289 1286 326 2
1333 299 1547 327 FUGITANS
1581 301 1731 328 mmmm
1763 290 1888 337 quasi

277 363 390 410 quod
433 363 526 401 vult
568 363 611 400 in
654 362 830 401 domino
873 362 1029 412 facere,
1074 363 1114 401 id
1153 364 1240 402 iam
1274 365 1317 402 in
1350 375 1399 402 eo
1433 374 1529 403 esse
1562 365 1678 413 dicit,
1714 375 1886 414 praepa-

274 449 378 477 rans
410 438 633 477 hominem
666 438 719 476 ad
752 440 1054 487 contemptum
1088 439 1309 487 pecuniae,
1345 450 1455 487 quae
1489 443 1689 487 poscetur
1722 441 1889 479 statim.

334 525 438 553 oiim
480 525 566 553 'r1131
605 525 649 552 IN
683 524 843 552 MANUM
876 515 919 552 in
953 524 1173 553 manum
1207 515 1374 554 datur
1406 515 1457 563 ei,
1493 516 1566 563 qui
1599 516 1749 554 furtim
1784 516 1888 554 acci-

277 591 339 638 pit
382 591 476 629 sine
509 590 672 629 arbitro
706 592 783 628 aut
814 590 1063 638 interprete,
1097 592 1144 628 ut
1176 591 1501 639 praevaricator
1533 593 1609 629 aut
1640 592 1773 630 iudex
1806 602 1890 631 cor-

279 669 448 716 ruptus

338 745 356 782 1
408 754 524 782 HAEC
572 754 676 782 HINC
722 754 938 782 FACESSAT
981 754 1057 792 pro
1100 743 1215 782 ‘hinc
1256 754 1302 782 se
1344 744 1506 792 faciat’‚
1540 744 1581 782 id
1615 746 1684 783 est
1713 744 1891 798 abeat,

280 821 326 857 ut
358 819 460 858 ‘huc
492 830 538 859 se
570 820 716 859 faciat’
751 822 852 859 huc
885 820 1121 859 accedat
1151 819 1388 868 significat.

449 894 472 930 2
501 905 606 930 HAEC
648 904 742 930 HINC
786 905 871 932 FAC.
917 894 1141 931 ‘facesssat’
1179 904 1251 939 pro
1281 894 1434 939 ‘cedat',
1465 895 1563 931 alias
1593 894 1764 940 faciat,
1794 902 1889 937 ergo

395 948 494 984 duas
538 958 602 984 res
644 948 844 993 significat
885 948 960 985 hoc
1001 959 1127 984 unum
1169 950 1349 985 verbum.
1394 949 1415 984 3
1461 946 1484 969 *²
1526 950 1588 984 An
1631 948 1735 984 ‘hinc
1773 947 1892 983 faces-

396 1002 473 1037 sat’
503 1003 802 1046 proverbialiter
830 1004 945 1046 quasi
972 1003 1090 1038 hinc
1118 1003 1307 1039 faciat?
1337 1003 1506 1038 Plautus
1533 1003 1591 1044 (fr.
1617 1004 1708 1037 dub.
1734 1001 1892 1042 XHG.)

396 1057 625 1100 ‘argentum
654 1058 747 1093 hinc
774 1057 916 1093 facite'.
948 1057 970 1091 4
1000 1057 1101 1093 ‘Huc
1130 1059 1169 1093 te
1198 1057 1270 1093 fac'
1301 1057 1445 1093 dicitur
1472 1067 1544 1102 pro
1574 1057 1665 1092 ‘huc
1694 1056 1858 1092 accede'.

333 1138 537 1176 ALIQUAM
570 1140 745 1168 PARTEM
778 1129 861 1168 etsi
893 1139 981 1168 non
1014 1130 1172 1177 totum,
1209 1129 1277 1168 vel
1312 1128 1516 1176 ‘aliquam
1550 1129 1752 1177 partem'.

340 1205 358 1241 1
408 1215 548 1243 VERBA
592 1215 723 1243 HODlE
756 1215 885 1243 ΙΝΤΕΒ
915 1215 994 1243 vos
1027 1205 1090 1243 sic
1121 1204 1322 1243 dicebant
1354 1205 1544 1253 iurgium
1578 1203 1891 1253 significantes.

281 1281 304 1318 2
363 1280 538 1329 Proprie
589 1280 755 1320 verba
804 1282 1151 1320 commutare
1199 1282 1279 1327 est,
1328 1281 1441 1328 quod
1489 1290 1569 1319 nos
1616 1279 1891 1319 altercari

279 1356 482 1395 dicimus.

334 1442 437 1478 Quin
471 1443 635 1471 Nimium
668 1443 880 1478 QUANTUM
914 1443 1060 1470 Linum·
1088 1432 1201 1480 apud
1229 1432 1439 1479 quosdam
1464 1432 1664 1471 diversae
1682 1440 1892 1480 personae

304 1518 404 1546 cum
440 1508 585 1547 verbis
617 1508 820 1557 singulis.

338 1595 470 1623 PARvi
519 1595 702 1623 RETULIT
746 1584 892 1623 nihil
933 1584 1212 1623 interfuit
1253 1584 1323 1623 vel
1366 1593 1558 1632 parum
1602 1583 1890 1632 interfuit,

282 1660 324 1699 id
356 1663 424 1700 est
457 1661 602 1699 nihil
637 1661 868 1709 profuit.

338 1747 424 1776 NON
472 1747 722 1775 soscssmssr:
769 1747 962 1775 ῐΝνΕΝΤΑ
1006 1747 1079 1775 EST
1124 1747 1239 1782 QUAE
1281 1747 1424 1775 DoTEM
1467 1736 1511 1774 in
1550 1735 1715 1774 Graeca
1746 1735 1893 1773 sabula

279 1823 417 1853 senex
465 1814 546 1853 hoc
592 1814 718 1852 dicit:
765 1813 879 1861 ‘quid
922 1814 1108 1852 interest
1151 1823 1220 1851 me
1263 1823 1348 1852 non
1390 1812 1640 1860 suscepisse
1673 1810 1823 1860 filiam,
1856 1811 1893 1849 si

284 1890 410 1928 modo
443 1890 520 1929 dos
552 1890 724 1928 dabitur
756 1889 967 1928 alienae?'

346 1967 365 2004 1
411 1976 488 2004 sno
531 1976 632 2004 MlHi
674 1963 917 2016 παρένθεσις
948 1965 1103 2013 prima.
1139 1966 1163 2003 2
1198 1975 1276 2002 SED
1308 1975 1409 2003 MIHI
1440 1974 1548 2003 opos
1581 1975 1604 2002 E
1648 1964 1841 2002 inductio
1863 1959 1891 2007 ¹)

283 2041 368 2080 doli
400 2043 480 2090 est,
513 2051 616 2080 nam
649 2042 885 2089 antequam
918 2042 1052 2089 petat,
1086 2040 1260 2089 petendi
1293 2049 1472 2078 causam
1504 2039 1677 2088 ingerit.

344 2118 364 2154 1
400 2127 514 2162 QUAE
547 2127 770 2156 AFFERRET
804 2127 877 2161 Qui
911 2126 1206 2155 DISSOLVEREM
1233 2116 1335 2163 quia
1362 2115 1399 2153 si
1426 2125 1558 2164 opum
1586 2124 1719 2153 causa
1736 2114 1892 2153 haben·

283 2193 438 2232 darum
485 2194 682 2233 dotatam
731 2194 971 2242 quaereret,
1019 2193 1162 2231 minor
1208 2193 1326 2231 esset
1371 2191 1613 2230 necessitas
1654 2190 1894 2238 captandae

283 2269 585 2318 opulentioris.
620 2270 644 2307 2
679 2270 766 2307 Aes
796 2269 989 2307 alienum
1022 2268 1201 2316 addidit,
1235 2268 1303 2306 cui
1330 2267 1393 2306 rei
1419 2266 1527 2305 nihil
1555 2266 1711 2315 opponi
1737 2267 1894 2314 potest.

288 2373 292 2380 .
346 2347 366 2384 1
402 2356 459 2383 AB
492 2355 580 2383 HAc
611 2355 780 2383 ACCIPIO
813 2354 927 2389 QUAE
958 2354 1121 2382 SPONSA
1148 2354 1222 2382 EST
1250 2343 1360 2382 mire
1388 2342 1593 2391 ‘accipio’,
1621 2352 1707 2381 non
1736 2341 1892 2390 ‘accep-

283 2423 408 2460 turus
449 2421 588 2468 sum’;
632 2421 656 2459 2
690 2423 734 2459 et
765 2419 992 2459 definitum
1026 2420 1206 2458 modum
1240 2418 1373 2468 ponit,
1407 2429 1460 2457 ne
1491 2419 1543 2457 de
1574 2427 1751 2456 summa
1781 2417 1895 2456 dotis

283 2497 476 2545 supersit
507 2496 760 2546 disputatio.

343 2583 495 2612 ornum
537 2582 765 2611 STULTITIA
807 2581 973 2610 FACERE}
1005 2568 1203 2623 παρέλκον
1235 2570 1443 2609 tertium:
1480 2564 1592 2623 [hoc]
1625 2569 1741 2608 idem
1774 2568 1891 2607 enim

287 2648 406 2687 valet
438 2644 617 2687 ‘utrum’
651 2647 764 2695 quod
798 2646 897 2687 ‘an’.

343 2734 479 2763 chAM
523 2733 734 2762 SCIENTEM
774 2732 835 2760 AN
878 2732 907 2761 Ι.
949 2719 1159 2761 ἀντίθετον
1196 2721 1453 2769 secundum,
1487 2729 1590 2758 nam
1623 2719 1778 2758 scienti
1810 2719 1893 2757 im-

286 2800 620 2848 prudentem
652 2797 851 2837 reddidit.

347 2877 364 2914 1
411 2885 513 2920 Quin
556 2885 593 2912 SI
636 2883 816 2912 ANIMAM
851 2884 986 2911 omem
1019 2873 1233 2912 Graecum
1268 2872 1545 2921 proverbium
1579 2871 1746 2920 sprevit
1776 2869 1822 2908 ‘ei
1853 2867 1896 2908 δὲ

150 3076 153 3079 -
189 3051 211 3092 1)
240 3051 334 3087 Vide
361 3051 511 3086 Wessn.
536 3051 573 3085 in
600 3062 675 3085 var.
698 3049 782 3083 leet.
