2242 3443
920 211 1174 242 PRAEFATIO.
1824 221 1915 248 XVII

317 327 502 373 tatione;
552 327 595 364 in
640 328 664 365 3
707 337 782 374 pro
827 329 990 365 ‘morae
1033 328 1144 365 esse*
1189 329 1332 376 magis
1364 331 1638 379 perspicuum
1675 332 1827 370 fuisset
1864 333 1918 370 ‘te

316 403 602 450 exspectare’.

167 482 244 518 313
317 479 351 516 1.
388 478 426 516 2.
461 478 509 516 In
542 478 566 515 2
601 478 724 516 deest
756 478 1009 526 exemplum
1044 479 1374 518 Sallustianum.

168 559 245 595 319
317 556 352 592 1.
397 554 436 593 3.
479 553 589 592 Illud
632 553 926 592 imitationem
971 564 1066 593 esse
1099 556 1208 593 satis
1240 555 1424 594 debilem
1458 556 1610 595 scholii
1645 558 1684 609 3,
1719 559 1916 597 manifes-

315 632 411 668 tum
444 631 524 668 est.

167 709 239 746 341
314 706 352 744 2.
386 706 426 744 3.
461 705 685 744 Posterius
718 701 939 745 conclusio
973 707 1039 744 est
1072 716 1146 754 per
1179 705 1305 754 ‘ergo'
1341 708 1449 745 satis
1483 708 1621 746 otiosa
1653 718 1705 746 ex
1740 710 1778 747 2.

167 784 243 821 348
313 782 351 820 5.
401 782 440 820 6.
483 781 706 819 Posterius
751 781 1100 820 additamentum
1145 784 1212 820 est
1252 792 1430 830 prorsus
1471 785 1642 821 otosum
1688 785 1738 822 ad
1773 787 1811 823 5.

169 860 246 896 350
317 857 396 895 1α.
440 861 530 897 352.
572 857 633 896 Re
675 857 784 895 satis
823 857 989 895 similia
1031 858 1163 895 nimis
1196 858 1336 896 forma
1368 858 1590 907 differunt,
1625 870 1754 906 quam
1789 864 1836 898 ut
1867 872 1919 898 ex

315 933 538 971 communi
570 933 689 971 fonte
721 934 892 981 prodire
924 934 1169 982 potuerint;
1207 935 1271 972 1α
1298 935 1648 973 additamentum
1676 937 1742 973 est
1769 936 1920 973 scholii

315 1007 497 1047 Donatei
529 1008 641 1055 quod
673 1009 906 1057 praecedit.

169 1087 243 1123 367
319 1085 355 1122 1.
391 1084 430 1123 3.
463 1083 524 1123 De
556 1085 745 1132 quinque
773 1084 901 1123 lineis
929 1085 1096 1123 amoris
1124 1085 1221 1124 vide
1249 1086 1335 1124 640
1364 1086 1403 1134 2,
1431 1096 1538 1133 quas
1566 1085 1757 1125 Chaerea
1790 1087 1921 1124 nomi·

316 1161 440 1198 navit
467 1169 553 1199 non
580 1170 754 1209 omnes,
783 1162 831 1198 ut
858 1161 1016 1200 dicitur
1045 1161 1089 1199 in
1121 1163 1155 1210 1,
1181 1161 1256 1200 sed
1276 1163 1451 1200 tantum
1472 1163 1554 1200 duo
1572 1162 1641 1200 vel
1660 1165 1761 1200 tres.
1784 1163 1922 1200 ‘Ania-

310 1235 420 1274 torie
452 1235 601 1274 nimis’
634 1236 845 1275 flosculus
878 1238 955 1275 est.

170 1314 243 1352 371
316 1311 354 1350 2.
389 1315 479 1352 372.
514 1312 561 1351 In
595 1312 732 1352 altero
762 1311 857 1351 ‘vis’
887 1313 961 1351 illa
990 1312 1088 1352 ‘non
1115 1314 1295 1352 usitata'
1325 1324 1548 1362 perperam
1577 1314 1708 1352 etiam
1738 1315 1925 1352 trahitur

317 1387 370 1426 ad
404 1388 584 1427 verbum
620 1388 880 1437 ‘intelleg0’;
914 1390 1181 1428 adiectivum
1211 1390 1523 1428 ‘immodicum'
1550 1389 1769 1438 pathetice
1787 1390 1924 1428 denuo

320 1463 515 1502 additum
549 1464 663 1512 (vide
694 1475 827 1513 supra
858 1466 910 1504 ad
943 1466 1027 1509 46).

171 1542 249 1580 413
322 1541 341 1578 1
377 1541 421 1578 et
452 1540 492 1580 2.
525 1540 586 1578 Re
619 1542 662 1579 et
694 1540 838 1579 forma
868 1541 1003 1580 nimis
1035 1541 1210 1580 diversa
1242 1544 1286 1580 et
1317 1542 1389 1579 vix
1422 1542 1474 1580 ad
1507 1551 1641 1580 unum
1676 1542 1839 1580 fontem
1863 1552 1920 1580 re-

321 1616 529 1655 vocanda.

171 1695 250 1732 470
318 1692 358 1730 2.
390 1696 465 1732 471
501 1693 540 1731 6.
583 1692 687 1731 Post
719 1693 863 1731 simile
897 1693 1072 1732 initium
1106 1693 1217 1732 ratio
1249 1693 1444 1731 redditur
1471 1703 1648 1741 prorsus
1677 1693 1922 1739 dissimilis,

320 1767 439 1806 iusta
480 1768 524 1807 in
567 1769 650 1807 471
697 1769 735 1817 6,
779 1768 928 1808 minus
970 1769 1084 1807 iusta
1126 1769 1170 1807 in
1214 1769 1299 1807 470
1343 1770 1382 1807 2.
1416 1767 1477 1808 Cf.
1510 1768 1537 1807 1.
1571 1779 1604 1806 s.
1638 1768 1665 1806 l.
1698 1779 1736 1816 p.
1771 1769 1825 1807 63
1859 1779 1920 1816 sq.

320 1843 418 1884 (Mn.
454 1845 508 1884 35
540 1855 582 1892 p.
617 1845 730 1886 211).

171 1922 248 1959 555
317 1920 355 1958 2.
400 1922 438 1958 3.
482 1920 707 1959 Posterius
743 1921 838 1959 sine
870 1921 998 1959 dubio
1039 1921 1252 1969 praestat,
1296 1930 1375 1958 nec
1407 1921 1474 1958 est
1506 1919 1616 1966 quod
1650 1919 1838 1967 amplius
1870 1919 1922 1957 ad

318 1996 438 2035 vocis
478 1996 754 2035 intellectum
797 1996 1081 2035 desideretur.
1115 1996 1163 2034 In
1197 1996 1221 2033 2
1257 1995 1456 2034 ‘constat’
1490 1995 1599 2033 satis
1630 1995 1825 2043 ineptum
1858 1997 1925 2033 est

319 2069 550 2119 deficitque
582 2072 851 2121 exemplum.

173 2151 248 2187 772
319 2149 356 2187 1.
391 2149 430 2187 2.
463 2148 503 2186 3.
537 2148 638 2187 Tria
669 2148 837 2187 scholia
869 2148 921 2187 de
948 2148 1100 2186 eadem
1127 2157 1172 2186 re
1199 2147 1308 2185 satis
1334 2147 1520 2185 diversa.
1548 2146 1853 2194 Intellegerem
1886 2148 1921 2191 1,

321 2223 360 2262 si
401 2224 466 2263 sic
507 2224 597 2263 fere
640 2225 831 2264 audiret:
877 2223 1073 2263 ‘ridicula
1104 2223 1422 2272 praesumptio,
1458 2224 1682 2270 tamquam
1715 2223 1924 2260 adversus

300 2300 596 2340 ·meretricem
642 2300 990 2349 <certamen>
1037 2299 1203 2337 Thraso
1251 2298 1365 2336 sumi
1414 2307 1498 2336 non
1541 2307 1668 2346 posse
1710 2297 1921 2345 crederet,

320 2376 407 2415 nisi
438 2386 496 2415 m.
524 2378 578 2424 p.’
613 2378 709 2426 etc„
745 2377 769 2415 2
801 2378 844 2415 et
876 2377 901 2415 3
930 2385 1016 2414 non
1042 2374 1258 2421 intellego.
1286 2373 1435 2422 Igitur,
1464 2375 1510 2410 ut
1538 2382 1654 2411 nunc
1681 2382 1728 2411 se
1745 2372 1923 2420 habent,

136 2465 153 2487 e
321 2451 492 2491 nullum
525 2453 765 2501 genuinum
800 2452 908 2490 mihi
941 2461 1038 2490 esse
1071 2450 1255 2488 videtur.

174 2532 249 2568 907
320 2528 360 2566 2.
394 2528 435 2569 3.
467 2528 692 2567 Posterius
724 2527 913 2575 simplex
947 2529 990 2565 et
1021 2526 1298 2574 perspicuum
1331 2526 1374 2562 et
1407 2534 1582 2569 verum;
1618 2524 1641 2560 2
1670 2523 1814 2561 minus
1841 2522 1921 2560 ius-

321 2606 437 2652 tum,
485 2604 530 2642 in
577 2615 660 2652 quo
708 2603 969 2652 neglegitur,
1020 2601 1230 2639 Thaidem
1272 2600 1416 2648 potius
1456 2599 1632 2637 irridere
1675 2601 1717 2636 et
1748 2597 1920 2645 pudoris

321 2680 521 2719 ruborem
555 2679 775 2719 Chaereae
806 2687 1042 2727 provocare
1073 2676 1186 2715 velle
1218 2685 1347 2723 quam
1380 2675 1615 2722 increpare.

173 2759 251 2794 908
321 2755 360 2794 2.
395 2756 434 2794 3.
468 2755 585 2793 Nihil
618 2755 824 2794 differunt
856 2754 942 2791 nisi
973 2751 1177 2800 exemplo
1203 2751 1245 2788 in
1275 2751 1319 2799 3,
1349 2750 1460 2797 quod
1487 2751 1709 2796 sumptum
1739 2749 1806 2785 est
1830 2756 1916 2794 pro·

317 2830 386 2869 cul
421 2830 549 2869 dubio
581 2841 637 2870 ex
672 2830 830 2869 Donati
861 2828 1026 2867 scholio
1059 2827 1111 2866 ad
1144 2827 1243 2866 894.
1277 2825 1405 2863 Iunxi
1439 2826 1463 2862 2
1497 2827 1540 2863 et
1570 2826 1594 2861 4
1629 2825 1671 2860 ot
1702 2822 1845 2870 expuli
1879 2823 1917 2868 3,

321 2906 435 2954 quod
466 2907 576 2945 mire
607 2907 822 2944 insertum
855 2905 924 2943 est
954 2913 1029 2952 per
1063 2901 1208 2940 ‘nam’.

168 2987 249 3024 ,957
320 2983 360 3022 2.
394 2983 434 3021 3.
468 2982 516 3020 In
551 2982 576 3020 3
610 2980 731 3021 ‘fieri’
763 2980 880 3019 male
914 2979 1110 3018 additum
1144 2979 1224 3016 est.

251 3054 405 3087 Karsten,
422 3053 509 3081 Com.
528 3052 610 3080 Don.
