2242 3443
148 596 225 631 330

145 1051 220 1086 331

143 1355 219 1391 332

142 1890 219 1925 333

140 2345 217 2381 334
281 2369 285 2377 .

987 162 1070 201 265

297 286 457 325 diceret
492 285 746 334 ‘numquam
780 287 888 325 mihi
920 288 1082 335 scripta
1114 289 1182 325 est
1214 287 1474 325 iniuriarum
1507 287 1630 325 dica’.
1666 287 1689 324 2
1718 295 1906 324 INIURIA·

295 372 388 401 RUM
430 373 644 401 SCRIPTAM
686 373 825 401 DIGAM
867 362 1120 412 κυριολογίαῑ
1160 363 1223 401 Sic
1256 362 1373 400 enim
1407 364 1450 400 et
1482 362 1650 400 Tullius
1680 360 1816 411 (Verr.
1836 361 1906 403 37)

297 438 515 477 ‘scribitur
543 438 742 477 Heraclio
776 438 898 477 dica’.
929 439 954 477 3
988 449 1126 477 D1cAM
1161 438 1278 487 δίκη
1312 436 1473 476 Graece
1507 447 1641 475 causa
1673 440 1759 485 est,
1796 446 1906 484 quae

301 513 350 552 fit
381 514 534 553 Latine
568 514 709 562 dica,
746 517 793 552 ut
825 512 953 563 ἀκτή
987 516 1124 562 acta,
1161 512 1434 561 Καλλιόπη
1470 512 1743 561 Calliopa.

350 592 369 628 1
416 601 487 635 om
530 600 652 629 rsroc
695 590 966 638 interrogare
999 590 1068 628 hic
1100 591 1195 629 ideo
1228 589 1406 638 fingitur
1439 589 1561 637 Geta,
1595 592 1642 628 ut
1674 589 1909 637 parasitica

294 667 595 715 progrediatur
627 666 778 704 oratio.
815 668 837 703 2
873 675 979 711 QUIA
1011 676 1097 704 NON
1131 676 1238 704 RETE
1270 675 1485 704 Accmrrnr
1517 675 1735 704 TENDITUR
1765 675 1906 709 NEQUE

293 752 428 781 Mimo
477 752 630 780 rursus
678 752 752 789 per
799 742 1053 789 allegoriam
1103 741 1293 789 loquitur
1335 742 1569 790 parasitus,
1611 743 1659 779 ut
1690 743 1831 780 totum
1865 742 1908 779 et

290 818 463 857 triviale
495 819 552 857 Sit
584 820 628 856 et
653 818 831 866 <ex>
858 818 1071 856 conviviis
1099 819 1295 866 escisque
1321 817 1606 856 translatum.
1636 819 1660 855 3
1688 826 1793 862 QUIA
1820 826 1906 854 NON

293 904 401 933 RETE
448 904 664 933 Accmrrm
711 904 930 932 TENDITUR
975 895 1136 942 legitur
1177 896 1221 933 et
1263 889 1509 932 ‘tennitur':
1550 892 1679 931 habet
1720 893 1837 931 enim
1878 902 1906 929 N

291 970 441 1009 littera
472 981 569 1008 cum
604 981 630 1008 D
663 970 1036 1009 communionem.

358 1047 376 1084 1
423 1055 495 1091 om
538 1056 655 1084 MALE
698 1055 886 1085 FAGIUNT
925 1056 1051 1084 NOBIS
1088 1056 1161 1084 ore
1196 1047 1238 1084 et
1271 1045 1489 1093 unguibus
1522 1045 1703 1083 scilicet.
1739 1046 1762 1082 2
1796 1054 1907 1082 ILLIS

293 1131 367 1167 Qm
399 1131 524 1160 NIHIL
552 1131 742 1160 FAcmNT
769 1131 989 1160 TENmTUR
1015 1131 1101 1160 non
1129 1122 1192 1159 sic
1220 1121 1409 1170 accipias
1435 1120 1556 1158 ‘nihil
1584 1121 1766 1159 faciunt’
1785 1120 1907 1168 quasi

292 1198 407 1237 dicat
456 1198 549 1236 ‘nec
582 1198 696 1236 male
728 1208 808 1236 nec
840 1198 977 1246 bene‘,
1011 1199 1086 1237 sed
1120 1208 1216 1236 cum
1252 1197 1410 1245 legeris
1445 1197 1566 1235 ‘nihil
1598 1197 1779 1235 faciunt'
1813 1195 1910 1235 sub-

292 1274 441 1313 audito
476 1274 616 1314 ‘nobis
649 1275 794 1313 male’.

354 1353 372 1389 1
419 1362 524 1396 QUIA
563 1362 670 1390 EN1M
702 1362 748 1390 1N
780 1362 892 1390 ILLIS
923 1362 1117 1391 FRUGTUS
1149 1362 1224 1390 EST
1257 1349 1453 1401 παρέλκοι)
1486 1351 1680 1398 tertium,
1716 1359 1798 1397 quo
1832 1350 1907 1386 aut

292 1427 420 1475 ‘quia’
463 1428 543 1466 sub
588 1428 734 1466 ‘enim'
783 1428 1056 1477 subiugatur,
1101 1431 1176 1467 aut
1222 1428 1368 1477 ipsum
1403 1423 1549 1466 ‘enim'
1583 1434 1905 1474 supervacuum

291 1506 370 1542 est.
407 1505 429 1542 2
465 1514 510 1542 1N
538 1514 649 1542 ILLIS
675 1514 868 1543 FRUCTUS
894 1515 970 1543 EST
998 1505 1070 1552 qui
1097 1504 1208 1542 nihil
1233 1504 1399 1543 faciunt
1426 1502 1552 1542 nobis
1579 1501 1708 1540 male.
1737 1502 1762 1539 3
1786 1510 1890 1545 QUIA

291 1590 399 1618 ENIM
431 1590 478 1618 1N
510 1591 621 1618 ILLIS
652 1590 846 1619 FRUCTUS
878 1591 953 1619 EST
983 1579 1180 1619 ‘fructus’
1209 1580 1344 1629 cibus,
1372 1579 1473 1627 quia
1498 1579 1716 1617 frumen
1749 1577 1906 1615 dicitur

290 1657 459 1694 tractus
502 1656 642 1705 gulae,
686 1666 770 1704 quo
813 1656 935 1695 cibus
967 1657 1010 1695 in
1035 1656 1183 1694 alvum
1213 1656 1472 1694 demittitur.
1501 1656 1527 1693 4
1554 1664 1600 1692 1N
1628 1664 1738 1692 ILLJS
1765 1662 1904 1692 OPERA

289 1742 484 1771 LUDITUR
499 1732 573 1780 qui
592 1732 706 1770 male
723 1732 889 1771 faciunt
905 1732 1043 1771 nobis.
1064 1735 1087 1771 ἕ)
1104 1742 1296 1771 LUDITUR
1314 1733 1544 1770 exercetur
1554 1729 1837 1778 <frustra>
1862 1725 1903 1773 1).

465 1806 487 1843 6
516 1807 578 1842 An
610 1806 830 1852 ‘illuditur',
861 1807 935 1842 hoc
964 1809 1027 1843 est
1056 1807 1308 1842 frustratur?

353 1887 370 1924 i
415 1896 532 1924 ALIIS
574 1897 769 1925 ALmNDE
801 1898 876 1925 EST
910 1897 1159 1926 PERIGULUM
1184 1897 1304 1926 UNDE
1334 1896 1516 1931 ALIQUID
1549 1895 1716 1924 ABRADI
1749 1894 1904 1923 POTEST

291 1963 438 2000 utrum
493 1962 563 2000 hic
619 1971 780 2002 sensus
829 1966 909 2011 est,
958 1964 1083 2010 quasi
1124 1963 1307 2001 dixerit:
1357 1962 1474 2000 aliud
1516 1962 1615 2000 aliis
1662 1960 1904 2009 periculum

288 2037 483 2086 affertur,
533 2048 557 2076 a
597 2038 756 2086 quibus
799 2039 959 2077 auferri
983 2041 1143 2087 potest,
1178 2049 1254 2077 an:
1289 2039 1363 2077 alii
1395 2037 1570 2077 aliunde
1603 2036 1905 2085 periclitantur

289 2123 420 2160 quam
455 2114 665 2152 credunt?
707 2116 774 2153 est
807 2115 924 2153 enim
957 2114 1046 2153 illis
1079 2125 1213 2153 causa
1245 2114 1425 2162 periculi
1457 2124 1543 2153 non
1577 2123 1687 2161 quae
1718 2112 1905 2159 videtur,

292 2189 367 2227 sed
416 2200 525 2236 quae
574 2190 626 2228 ab
669 2191 757 2229 illis
804 2191 968 2239 aliquid
1015 2191 1186 2230 auferre
1233 2193 1390 2240 potest.
1436 2191 1461 2228 2
1503 2200 1622 2229 UNDE
1664 2199 1687 2228 a
1729 2188 1903 2236 quibus.

292 2267 316 2304 3
349 2275 517 2305 ABRADI
549 2276 625 2315 per
656 2267 747 2305 vim
781 2266 955 2305 auferri.

350 2343 369 2379 1
419 2352 520 2380 mm
567 2352 720 2382 SCIUNT
767 2352 893 2381 Num.
935 2353 1035 2382 ESSE
1073 2343 1135 2382 rei
1175 2343 1356 2382 scilicet.
1400 2342 1424 2380 2
1452 2351 1621 2381 DUGENT
1654 2350 1904 2380 DAMNATUM

289 2427 444 2456 DOMUM
491 2418 735 2457 secundum
778 2419 846 2456 ius
887 2418 1067 2467 scilicet,
1102 2429 1186 2466 quo
1219 2419 1413 2457 obaerati
1445 2428 1544 2457 cum
1578 2427 1664 2456 non
1696 2416 1906 2455 solvendo

289 2495 452 2542 essent,
478 2494 562 2543 ipsi
591 2504 724 2532 manu
754 2494 1050 2542 capiebantur.
1079 2495 1104 2533 3
1132 2505 1306 2534 DucEN'r
1332 2503 1585 2534 DAMNATUM
1613 2502 1766 2531 Domum
1794 2491 1904 2530 mire

289 2569 397 2608 iuris
430 2579 537 2608 usus
569 2571 637 2608 est
669 2570 814 2608 verbis
846 2570 898 2609 ad
931 2571 1260 2610 extenuandam
1293 2580 1479 2619 poenam
1515 2571 1558 2608 et
1588 2579 1678 2608 rem
1714 2568 1765 2607 ad
1794 2577 1905 2606 com-

288 2645 467 2683 modum
501 2645 874 2693 transferendam;
909 2656 1012 2684 nam
1046 2647 1159 2694 quod
1192 2646 1410 2685 obaeratis
1442 2645 1685 2692 inimicum,
1720 2644 1758 2681 id
1787 2652 1905 2692 para-

288 2721 401 2758 situs
449 2722 645 2759 maxime
692 2722 835 2769 optat:
883 2721 983 2761 duci
1030 2722 1083 2760 ab
1124 2722 1267 2770 aliquo
1310 2722 1510 2767 domum;
1553 2719 1717 2759 addidit
1757 2720 1903 2756 autem

288 2792 581 2836 'damnatum’
629 2797 754 2844 quasi
790 2798 863 2845 qui
898 2798 1080 2837 irrideat
1111 2808 1251 2846 genus
1287 2796 1599 2843 damnationis,
1633 2795 1674 2833 in
1703 2804 1788 2841 qua
1821 2793 1902 2832 vic·

287 2873 356 2911 tor
389 2882 566 2921 pascere
599 2872 876 2920 compellitur
909 2874 952 2912 et
982 2873 1127 2913 victus
1158 2873 1369 2922 pascitur.

141 3072 144 3074 -
188 3049 212 3092 ¹)
238 3049 498 3094 Supplendum
525 3062 660 3084 censeo
693 3042 942 3091 <li-usfra>,
967 3050 1012 3085 cf.
1036 3050 1174 3086 Mnem.
1197 3050 1252 3085 35.
1275 3049 1341 3084 288
1365 3048 1496 3092 (zlib.
1520 3060 1555 3092 p.
1582 3047 1669 3090 116).
