2242 3443
175 606 251 642 264

175 1326 252 1363 265

174 2526 250 2561 266

135 3068 138 3071 ·
177 3054 250 3091 267

1023 182 1076 221 33

322 303 531 351 legendus
564 315 616 343 ex
651 306 808 343 affectu
843 307 1006 353 gratias
1040 308 1223 354 agentis.
1254 309 1276 344 4
1309 318 1349 344 ιΝ
1380 320 1427 346 si«)
1455 319 1726 347 'rrzANsruiii'r
1754 310 1932 357 pulchra

323 381 573 429 παρασκευή,
605 391 691 428 qua
723 383 919 419 erratura
947 385 1015 420 est
1043 382 1242 420 Sostrata
1269 383 1384 421 circa
1412 384 1698 433 Aeschinum,
1729 388 1929 432 quemad-

323 456 501 494 modum
528 457 616 495 iam
645 458 807 495 erravit
831 457 1009 507 Demea,
1035 459 1145 505 quod
1165 460 1300 497 credit
1318 459 1369 497 ab
1389 460 1462 497 illo
1481 461 1619 498 amari
1639 462 1930 501 meretricem.

495 530 517 566 3
543 541 566 565 α
590 533 634 566 ut
658 531 791 575 (Verg.
810 533 909 567 Aen.
927 532 963 567 4.
981 532 1069 574 588)
1098 533 1247 568 ‘omnia
1270 533 1463 568 Mercurio
1488 534 1630 568 similis
1656 545 1872 579 vocemque
1888 537 1932 571 c.'

385 605 403 640 1
449 612 573 640 NIHIL
618 613 722 640 POTE
766 613 907 641 SUPRA
950 602 1121 651 ἔλλειψις
1164 614 1238 652 per
1276 604 1633 643 admirationem:
1677 606 1934 646 subauditur

324 677 448 717 ‘esse'
493 678 560 717 vel
605 678 731 727 ‘dici'‚
776 679 800 717 2
844 683 887 717 et
920 690 1025 717 ΡΟΤΕ
1059 690 1133 728 pro
1162 680 1293 728 potis!
1332 682 1379 717 ut
1412 690 1568 728 mage
1601 691 1675 729 pro
1710 683 1852 730 magis
1884 690 1933 736 τῷ

320 752 534 807 ἀρχαϊσμῷ.
580 755 604 793 3
643 765 843 799 QUIDNAM
878 766 1009 794 ponas
1044 766 1228 795 campum*
1261 751 1457 804 ‘crepuit'
1492 766 1588 795 acre
1621 758 1786 805 sonuit,
1822 759 1934 797 unde

320 830 605 879 decrepiti
649 831 752 870 dicti
786 833 887 870 sunt
919 832 1103 871 clamosi
1137 842 1283 879 senes;
1320 831 1462 871 ‘fores’
1497 833 1734 880 singularis
1767 836 1935 873 numeri

320 917 450 945 casus
478 908 792 946 nominativus.
823 909 847 946 4
878 919 1000 947 MANE
1028 919 1151 947 MANE
1177 909 1411 956 gaudentis
1440 909 1521 947 hoc
1548 909 1712 947 dictum
1737 913 1820 957 est,
1850 921 1934 949 non

321 984 508 1032 opperiri
542 983 747 1042 iubentis,

1037 1163 1076 1200 4.

382 1332 455 1360 UBI
480 1332 555 1360 EST
586 1332 681 1360 ILLE
709 1331 978 1360 SACRILEGUS
1007 1323 1115 1360 mire
1144 1323 1394 1361 Aeschinus
1421 1326 1570 1362 servat
1592 1324 1804 1363 adversus
1825 1325 1937 1364 leno-

321 1408 422 1436 nem
463 1397 735 1446 superbiam,
780 1408 866 1445 qua
909 1398 1155 1436 ostenditur
1198 1399 1321 1437 tanto
1356 1409 1454 1437 esse
1488 1400 1673 1438 alienior
1704 1402 1852 1439 animo
1886 1402 1937 1440 ab

320 1474 545 1513 amoribus
585 1474 847 1525 meretricis,
882 1475 1045 1521 quanto
1078 1474 1282 1512 audacior
1314 1475 1357 1512 in
1385 1474 1603 1513 lenonem.
1634 1476 1659 1513 2
1689 1487 1778 1514 MEN
1806 1488 1921 1522 QUAE

322 1561 392 1588 m'r
420 1560 513 1588 NUM
549 1560 748 1595 QUIDNAM
777 1560 939 1588 EFFERT
967 1552 1116 1599 sperat
1143 1551 1240 1589 leno
1269 1550 1430 1599 aliquid
1448 1561 1495 1589 se
1515 1553 1797 1600 accepturum
1817 1564 1935 1602 prop-

294 1631 297 1633 ’
320 1629 387 1666 ter
414 1627 680 1674 convicium,
709 1628 758 1665 ut
785 1626 886 1665 alibi
915 1627 1030 1670 (191)
1059 1626 1207 1665 ‘minis
1235 1627 1391 1675 viginti
1419 1630 1465 1666 tu
1489 1627 1609 1666 illam
1633 1629 1799 1677 emisti,
1827 1640 1936 1678 quae

320 1713 389 1741 res
422 1702 501 1741 tibi
537 1704 679 1741 vertat
711 1702 845 1741 male:
882 1703 1054 1750 argenti
1086 1704 1259 1740 tantum
1295 1703 1503 1750 dabitur'3
1533 1704 1558 1742 3
1587 1707 1630 1743 et
1658 1705 1756 1743 vide
1784 1707 1936 1752 quanti

320 1776 456 1819 faciat
492 1778 589 1817 leno
622 1787 724 1825 prae
756 1778 875 1816 lucro
908 1778 1136 1816 iniuriam:
1170 1778 1375 1826 sacrilegi
1407 1780 1586 1817 nomine
1619 1790 1666 1818 se
1699 1780 1937 1828 significari

318 1864 404 1893 non
448 1853 591 1892 solum
634 1863 719 1892 non
762 1853 896 1901 dolet,
941 1853 1015 1892 sed
1057 1853 1194 1892 etiam
1237 1854 1378 1902 cupit;
1422 1857 1593 1903 oportet
1635 1858 1785 1894 autem
1821 1856 1935 1895 ‘men

318 1929 502 1977 quaerit'
536 1939 635 1968 cum
669 1929 859 1976 quadam
887 1928 1220 1976 gesticulatione
1245 1931 1286 1967 et
1314 1929 1638 1969 subsaltatione
1665 1933 1937 1979 pronuntiari

318 2005 539 2055 sperantis
576 1997 748 2043 lenonis
781 2004 834 2043 ad
866 2005 947 2043 hoc
978 2015 1025 2043 se
1058 2005 1227 2054 quaeri,
1263 2006 1311 2044 ut
1344 2006 1544 2055 accipiat.
1579 2008 1603 2046 5
1638 2017 1777 2046 occmr
1811 2018 1936 2046 NIHIL

320 2092 447 2120 vroao
482 2081 592 2120 mire
635 2081 716 2120 hoc
759 2081 889 2120 verbo
931 2084 1110 2130 apparet
1153 2082 1194 2120 in
1235 2081 1360 2121 vultu
1392 2082 1564 2122 lenonis
1599 2085 1641 2122 et
1669 2094 1790 2132 spem
1827 2094 1933 2123 mor-

320 2161 443 2196 tuam
488 2159 531 2196 et
573 2157 834 2195 restinctum
879 2157 1106 2205 gaudium
1143 2157 1230 2196 iam
1265 2159 1308 2196 et
1339 2163 1439 2206 apta
1465 2157 1634 2205 ἔλλειψις
1662 2160 1769 2198 haec
1797 2160 1933 2198 dicen-

321 2234 379 2272 tis
422 2235 491 2272 est
534 2231 708 2280 ‘occidi‚
752 2232 859 2271 nihil
898 2233 1059 2271 video’:
1094 2243 1235 2281 neque
1267 2233 1386 2272 enim
1420 2234 1586 2273 addidit
1620 2234 1827 2283 ‘proferri’
1862 2238 1936 2273 aut

277 2366 280 2373 ι
321 2309 421 2357 quid
454 2309 554 2347 tale.

492 2384 516 2418 4
545 2381 698 2420 *oocmr
727 2393 840 2419 mnu,
871 2393 987 2419 vao
1022 2384 1169 2419 ‘occidi‘
1200 2394 1278 2420 non
1305 2385 1398 2428 quia
1423 2384 1668 2427 ‘sacrilegus'
1693 2385 1839 2428 dictus,
1866 2386 1932 2419 sed

436 2438 529 2482 quia
555 2438 651 2473 nihii
678 2438 836 2483 accipit,
862 2442 902 2473 et
927 2439 1047 2473 simui
1073 2440 1234 2481 gestum
1261 2439 1469 2474 considera
1495 2439 1695 2482 loquentis
1716 2449 1765 2474 ex
1791 2439 1932 2474 verbis

383 2522 400 2559 l
431 2530 523 2558 HEM
557 2520 800 2558 interiectio
832 2519 1086 2567 repentinae
1115 2520 1188 2557 rei.
1220 2520 1257 2558 2.
1289 2530 1541 2558 OPPORTUNE
1566 2531 1616 2558 TE
1645 2530 1775 2557 IPSUM
1804 2529 1918 2563 QUAE

321 2606 418 2634 arro
460 2593 702 2632 ἀσύνδετουε
743 2599 802 2643 fia)
841 2605 924 2633 non
969 2596 1087 2633 enim
1137 2596 1337 2642 sequenti
1380 2596 1635 2634 adnectitur.
1673 2596 1697 2633 3
1732 2605 1834 2639 QUID
1866 2605 1933 2631 Fir

320 2682 527 2711 GTESIPHO
571 2670 684 2719 ‘quid
717 2670 778 2709 fit‘
813 2671 1020 2709 blandum
1054 2671 1227 2709 initium
1262 2673 1353 2709 est:
1387 2681 1474 2709 non
1508 2671 1624 2709 enim
1659 2680 1773 2708 nunc
1805 2670 1933 2707 inter-

322 2749 470 2796 rogat,
505 2757 603 2785 cum
636 2747 728 2795 ipse
759 2747 876 2785 dicat
908 2746 964 2784 ‘in
997 2748 1094 2784 tuto
1127 2749 1195 2785 est
1226 2747 1372 2785 omnis
1403 2747 1502 2794 res’,
1536 2747 1599 2785 sic
1630 2747 1721 2794 ipse
1753 2756 1857 2783 mox
1890 2746 1931 2783 in

323 2823 511 2861 subditis
548 2822 664 2866 (884)
708 2822 811 2859 ’iam
855 2831 970 2859 nunc
1013 2822 1119 2860 haec
1153 2822 1236 2860 tria
1267 2821 1411 2860 addidi
1445 2824 1616 2869 praeter
1650 2823 1877 2858 naturam:
1911 2830 1934 2857 o

323 2901 484 2946 noster,
518 2898 619 2946 quid
650 2896 731 2935 fit?
763 2897 864 2944 quid
898 2897 1087 2944 agitur?'

493 2971 518 3008 2
545 2983 570 3007 a
597 2972 711 3007 deest
739 2970 939 3006 ‘venisse’.

385 3053 402 3089 1
450 3061 493 3090 IN
536 3061 646 3090 ‘ru'ro
690 3061 764 3088 as'r
807 3059 937 3088 OMNIS
970 3059 1047 3087 RES
1079 3050 1203 3097 quasi
1237 3049 1423 3087 amatori
1458 3051 1647 3087 'omnem
1681 3048 1787 3085 rem'
1821 3048 1932 3086 dixit

212 3127 373 3155 KAstEN,
391 3122 482 3149 Com.
500 3121 582 3149 Don.
1794 3118 1826 3145 3*
