2242 3443
163 975 238 1011 296

155 1731 229 1768 297

159 2473 235 2509 298

160 2868 236 2904 299

1001 215 1055 253 39

299 340 529 387 doquidem
571 339 764 377 vitianda
806 340 898 376 erat
931 338 1074 385 virgo,
1105 338 1157 376 ab
1191 349 1239 377 eo
1274 339 1518 389 vitiaretur,
1552 342 1623 387 qui
1657 342 1749 378 erat
1781 350 1904 387 expe-

299 416 456 455 tendus
493 415 545 453 ad
580 414 930 460 matrimonium,
966 423 1123 451 sensus
1156 415 1271 452 enirn
1307 414 1376 452 hic
1408 418 1494 452 est:
1530 415 1697 453 malum
1731 416 1905 462 quidem

299 494 366 529 est
400 492 488 528 vim
522 489 614 528 fieri
648 489 828 537 virgini,
863 489 938 527 sed
977 499 1032 526 ex
1065 489 1317 527 condicione
1351 490 1466 538 eius,
1501 501 1610 538 quae
1640 492 1795 528 vitiata
1827 491 1904 537 sit,

299 567 407 605 nihil
449 567 590 614 potuit
627 565 786 603 melius
822 564 996 602 evenire
1030 574 1160 611 quam
1194 564 1428 613 <quod>
1460 567 1657 613 contigit,
1694 570 1741 604 ut
1772 566 1824 603 ab
1858 576 1906 603 eo

298 642 540 689 vitiaretur,
571 642 694 679 cuius
725 650 805 678 nos
837 650 922 678 non
951 640 1213 688 paenite1·et;
1242 640 1496 689 intellegere
1523 644 1672 680 autem
1701 641 1908 679 debemus

301 717 421 756 ‘fieri'
456 720 499 755 et
533 716 711 755 ‘factum
746 717 826 754 eSt’
859 726 935 764 pro
969 718 1199 755 evenire
1233 719 1276 755 et
1309 718 1556 763 contigit
1588 718 1683 755 dici.

473 792 491 827 1
528 802 551 826 a
591 791 692 834 Ergo
724 791 757 825 ‘e
786 800 827 825 re
856 790 964 826 nata'
996 800 1046 826 ex
1076 790 1172 826 vitio
1201 791 1381 834 virginis,
1407 791 1429 827 3
1458 791 1626 826 *iniamus
1656 799 1762 825 Tium
1794 798 1908 823 HAUD

415 854 559 880 POTUIT
585 844 619 880 si
644 840 752 879 ‘fieri'
778 854 848 888 pro
875 845 1080 880 evenire
1109 845 1321 889 acceperis,
1346 845 1419 880 erit
1436 843 1906 886 consecutiolocutionis,

417 899 477 934 Sin
508 899 656 942 minus,
687 898 813 934 deerit
842 899 1051 941 ‘quantum
1081 897 1296 941 intellego’.

373 972 390 1008 1
438 980 613 1015 QUANDO
657 980 810 1008 VlTlUM
847 980 1053 1008 OBLATUM
1084 980 1159 1008 EST
1192 971 1272 1008 hoc
1305 972 1372 1008 est
1406 970 1440 1007 ‘e
1473 980 1517 1008 re
1547 971 1679 1008 nata'.
1714 970 1738 1006 2
1774 967 1907 1007 ‘Obla-

299 1047 409 1084 tum’
453 1046 624 1092 dicitur,
658 1046 770 1093 quod
804 1044 984 1083 offertur
1017 1046 1170 1083 invito.
1205 1047 1230 1084 3
1264 1056 1420 1083 V1T1UM
1452 1055 1657 1084 OBLATUM
1688 1055 1763 1082 EST
1795 1053 1907 1088 QUOD

300 1133 360 1160 AD
393 1132 528 1160 ILLUM
561 1131 747 1160 ATTINET
774 1132 1035 1160 POTISSIMUM
1068 1123 1191 1169 quasi
1221 1123 1377 1160 vitium
1411 1121 1607 1159 oblatum
1646 1122 1705 1158 sit
1742 1121 1906 1168 potis-

298 1199 521 1244 simum,
572 1198 652 1236 hoc
699 1202 767 1236 est
814 1197 1001 1244 bonum;
1055 1199 1129 1236 sed
1175 1208 1229 1237 ex
1271 1208 1458 1246 persona
1499 1198 1594 1236 eius
1635 1197 1709 1244 qui
1750 1196 1909 1234 obtulit

298 1274 451 1312 vitium
486 1274 648 1313 factum
687 1276 754 1313 eSt
787 1274 970 1321 bonum,
1006 1275 1118 1322 quod
1151 1284 1226 1323 per
1254 1284 1300 1313 se
1325 1274 1470 1322 ipsum
1500 1273 1667 1312 malum
1695 1274 1784 1318 est,
1812 1275 1835 1309 4
1866 1273 1907 1309 et

296 1351 376 1389 hoc
402 1353 470 1388 est
502 1351 613 1398 quod
645 1350 816 1389 ‘melius
845 1351 958 1389 haud
986 1349 1078 1389 fieri
1106 1351 1250 1399 potuit
1276 1360 1406 1398 quani
1435 1350 1599 1388 factum
1629 1349 1725 1395 est';
1754 1346 1906 1385 ‘illum'

296 1429 443 1464 autem
488 1427 592 1465 dicit
634 1427 918 1465 Aeschinum.
963 1428 987 1465 5
1034 1425 1350 1465 ‘Potissimum’
1393 1428 1540 1464 autem
1588 1424 1907 1473 superlativum

299 1505 368 1541 est
409 1502 462 1541 ab
504 1513 553 1541 eo
595 1503 707 1550 quod
751 1504 818 1542 est
861 1503 1011 1551 potis
1053 1504 1096 1541 et
1138 1503 1352 1551 potius,
1388 1502 1450 1540 sic
1483 1501 1597 1539 enim
1632 1500 1758 1539 facit:
1794 1499 1908 1547 potis

297 1578 442 1626 potius
482 1578 787 1630 potissimum3
832 1580 857 1617 6
899 1581 942 1617 et
986 1578 1127 1626 ‘quod’
1169 1578 1297 1616 modo
1330 1578 1633 1625 exceptionem
1668 1574 1906 1623 significat,

298 1655 344 1691 ut
376 1653 456 1691 sit:
496 1656 708 1702 quantum
744 1654 796 1692 ad
829 1653 953 1692 illum
987 1654 1169 1702 attinet,
1203 1653 1244 1691 id
1276 1655 1343 1692 est
1376 1653 1657 1691 Aeschinum.

361 1730 384 1767 2
428 1729 481 1767 Et
521 1740 694 1777 genus
737 1731 822 1768 iam
859 1730 909 1768 ad
940 1730 1064 1768 vivos
1096 1731 1301 1778 pertinet,
1336 1728 1559 1767 familia
1591 1728 1725 1766 etiam
1760 1727 1810 1765 ad
1845 1727 1910 1765 de—

298 1804 491 1854 functos,
535 1805 607 1844 alii
649 1816 824 1854 genus
866 1806 918 1844 ad
962 1805 1235 1844 nobilitatem
1278 1805 1494 1853 referunt,
1539 1804 1816 1843 familiam
1857 1802 1910 1840 ad

299 1881 445 1928 copias
479 1885 550 1930 (a),
585 1884 633 1920 ut
659 1882 716 1920 Sit
746 1882 815 1920 ‘ex
842 1883 967 1920 tanta
994 1881 1177 1920 familia‘
1207 1891 1259 1919 ex
1289 1883 1379 1919 tam
1409 1881 1544 1918 divite
1569 1880 1709 1919 domo.
1741 1882 1764 1918 3
1793 1878 1911 1916 Haec

299 1957 442 1995 omnis
476 1957 699 2007 περίστασις
731 1957 899 2006 tragica
931 1960 1018 1996 est:
1053 1957 1309 2005 gaudiorum
1344 1958 1606 1996 introductio
1638 1957 1738 1993 ante
1770 1953 1909 1992 funes-

300 2033 525 2071 tissimum
560 2034 780 2072 nuntium.
815 2037 838 2072 4
874 2044 1019 2072 TALEM
1053 2044 1077 2071 a
1110 2043 1309 2082 corpore,
1344 2033 1385 2071 id
1419 2035 1485 2072 est
1517 2043 1542 2071 a
1573 2033 1726 2079 forma,
1762 2041 1787 2068 a
1823 2028 1911 2078 pul-

301 2110 569 2156 chritudine;
615 2120 713 2148 TALI
757 2119 924 2148 GENERE
966 2109 1019 2148 ab
1062 2109 1131 2147 his
1162 2119 1270 2156 quae
1301 2110 1580 2148 extrinsecus
1611 2109 1737 2154 sunt,
1771 2106 1812 2143 id
1845 2106 1912 2143 est

301 2185 354 2224 ab
387 2186 619 2224 honestate
646 2186 843 2233 generis;
873 2195 1017 2230 ATQUE
1041 2195 1184 2224 AMIMO
1211 2185 1263 2222 ab
1292 2185 1457 2233 animo,
1487 2185 1527 2222 id
1546 2180 1909 2230 estasapientia,

299 2262 445 2310 <a>
487 2262 728 2300 modestia:
776 2262 856 2301 hoc
897 2261 1024 2300 modo
1061 2262 1192 2309 igitur
1226 2260 1332 2299 nihil
1365 2259 1666 2308 praetermisit
1697 2258 1739 2295 in
1772 2256 1911 2294 laude.

477 2336 495 2371 1
527 2345 619 2370 TALI
647 2346 803 2371 GENERE
835 2338 919 2371 laus
949 2336 1066 2370 ante
1091 2334 1215 2379 illum,
1241 2333 1390 2369 ‘talem'
1421 2336 1461 2369 et
1484 2333 1566 2369 ‘tali
1591 2332 1735 2368 animo‘
1761 2331 1806 2365 in
1832 2329 1910 2365 illo.

420 2390 444 2426 2
473 2399 498 2424 a
527 2390 630 2425 unde
661 2391 702 2425 et
732 2392 880 2434 pater
909 2389 1140 2424 familias
1170 2388 1326 2424 dicitur.

369 2480 536 2507 SALVUS
569 2480 694 2508 NOBIS
727 2480 832 2508 DEos
865 2479 1031 2514 QUAEso
1063 2479 1119 2506 UT
1151 2478 1244 2506 S1ET
1277 2477 1407 2514 quam
1442 2467 1580 2504 bonus
1612 2466 1700 2512 est,
1720 2463 1787 2502 cui
1806 2462 1910 2500 nihil

301 2545 353 2583 ad
389 2547 490 2583 vota
521 2547 692 2593 praeter
724 2545 936 2583 salutem!

1017 2711 1056 2751 2.

370 2867 386 2902 l
433 2875 550 2903 NUNC
592 2875 721 2902 ILLUD
754 2875 828 2902 EST
862 2873 974 2908 QUOD
1007 2874 1044 2901 S1
1077 2873 1217 2901 OMNES
1250 2872 1389 2900 OMNIA
1422 2861 1491 2898 hic
1521 2859 1642 2898 locus
1672 2856 1908 2895 secundum

302 2942 441 2978 artem
471 2940 684 2979 comicam
711 2949 887 2978 Servum
917 2941 1160 2977 currentem
1191 2937 1399 2985 exprimit
1421 2938 1464 2974 et
1481 2933 1757 2973 nuntiantem
1776 2930 1910 2969 maxi-

302 3026 375 3054 ma
405 3016 551 3063 itaque
578 3026 680 3064 pars
706 3024 890 3053 scaenae
917 3013 1106 3052 motoria
1133 3015 1213 3060 est,
1240 3009 1457 3060 Significat
1483 3011 1654 3048 autem:
1683 3016 1797 3045 nunc
1822 3005 1909 3044 tale

305 3091 526 3139 negotium
555 3093 639 3139 est,
668 3100 782 3129 nunc
808 3089 895 3128 tale
923 3088 1161 3138 periculum
1185 3089 1265 3127 est.
1295 3088 1320 3124 4
1348 3096 1435 3124 CUM
1458 3095 1496 3122 SI
1514 3094 1653 3123 OMNES
1671 3092 1809 3121 OMNIA
1827 3091 1909 3119 SUA
