2242 3443
992 206 1044 244 31

283 333 504 381 praestitit
537 339 582 376 et
614 336 706 374 eius
739 334 806 372 oui
839 332 1101 380 praestitum
1127 333 1195 370 est
1222 332 1266 371 et
1293 342 1347 370 ex
1377 332 1515 379 ipsius
1543 333 1741 380 praestiti
1770 344 1895 380 quan-

288 410 428 449 titate.
463 410 518 455 (a)
552 413 575 450 2
603 421 685 450 Aes
712 419 858 455 QUIVIS
885 417 1054 446 HomrNE
1081 407 1189 445 bene
1218 407 1280 445 sio
1309 408 1449 455 coepit
1476 407 1673 446 dicturus
1702 408 1739 447 ‘o
1767 409 1899 447 frater

288 485 451 525 frater'.
491 488 516 526 3
555 487 604 525 Ει
641 486 741 534 ‘qui’
774 484 1016 523 secundum
1050 483 1245 530 regulam
1281 483 1412 531 dixit,
1447 484 1547 530 quia
1578 484 1764 522 dicimus
1798 486 1898 532 qui-

283 560 403 611 bus,
455 566 648 602 ceterum
697 572 722 600 a
768 570 870 608 quo
914 560 1039 608 quis
1081 559 1185 597 facit
1224 562 1265 597 et
1307 569 1392 597 non
1435 559 1652 607 quibus.
1696 563 1720 597 4
1756 561 1807 598 Et
1840 561 1898 598 in-

287 640 407 677 certa
434 638 656 677 distinctio
684 639 773 676 est:
802 636 871 675 vel
901 635 1014 674 ‘cum
1044 645 1151 684 opus
1180 638 1246 673 est
1266 634 1524 673 beneficium
1545 636 1751 683 accipere'
1770 637 1899 683 <vel

287 711 400 751 ‘cum
433 724 542 763 opus
574 718 640 753 est
673 712 1022 761 beneficium'>,
1056 712 1136 751 hoc
1170 713 1362 759 vetuste,
1396 711 1501 749 illud
1535 713 1840 750 communiter.

463 790 481 825 1
513 799 537 824 α
566 799 661 824 nam
695 798 813 824 omne
838 789 942 832 quod
968 788 1134 832 geritur,
1160 788 1233 822 aut
1256 787 1295 821 in
1324 787 1443 821 rebus
1470 788 1531 822 est
1556 789 1625 822 aut
1653 787 1690 821 in
1717 787 1899 831 personis

408 844 478 879 aut
507 843 547 878 in
589 843 796 879 attributis
821 851 973 878 eorum.

141 917 218 954 255
349 914 369 951 1
400 925 444 952 ID
470 925 626 953 DEMUM
652 925 787 953 iuvA'r
816 914 1008 953 ostendit
1029 912 1127 961 plus
1145 923 1241 952 esse
1260 913 1370 960 quod
1388 913 1510 951 iuvat
1526 922 1657 960 quam
1676 912 1896 960 gaudium.

289 989 314 1027 2
347 1000 386 1028 1s
418 1000 529 1028 BENE:
556 1001 682 1029 FACIT
717 990 852 1029 ‘bene'
886 989 1233 1029 subaudiendum
1268 990 1333 1026 est
1366 985 1433 1028 bis
1465 999 1661 1027 numero.

141 1069 217 1105 256
348 1067 367 1104 1
405 1076 427 1105 o
464 1077 634 1105 FRATER
669 1076 840 1105 FRATER
866 1065 920 1110 (α)
950 1076 1084 1104 unum
1113 1065 1301 1104 relatum
1329 1065 1381 1103 ad
1408 1064 1765 1114 appellationem,
1796 1065 1895 1104 alte—

287 1151 384 1180 rum
411 1143 463 1181 ad
489 1142 684 1190 laudem,
713 1147 757 1182 et
784 1143 1246 1191 subdistinguendum,
1274 1144 1322 1180 ut
1340 1142 1541 1180 videatur
1559 1142 1781 1189 quaesisse
1799 1143 1899 1189 quid

287 1217 405 1256 ultra
436 1218 598 1258 diceret
625 1222 668 1258 et
696 1220 793 1268 plus
820 1219 1018 1258 invenire
1040 1229 1125 1256 non
1152 1218 1350 1266 potuisse
1376 1228 1507 1265 quam
1538 1218 1714 1256 ‘frater'.
1745 1219 1768 1255 2
1798 1228 1899 1263 Qun)

288 1302 368 1331 Eoo
401 1304 518 1332 NUNC
552 1294 682 1342 ‘quid’
711 1297 886 1343 propter
913 1295 1033 1343 quid,
1063 1299 1106 1333 et
1134 1293 1275 1333 ‘nunc'
1305 1300 1354 1346 τῷ
1383 1293 1594 1346 ἰδιωτισμῷ
1622 1295 1819 1333 additum
1849 1296 1900 1334 de

284 1370 522 1419 superfluo,
559 1373 607 1408 ut
638 1371 969 1419 (Verg.Aen.4.
991 1366 1094 1417 265)
1129 1369 1189 1409 ‘tu
1222 1380 1338 1408 nunc
1371 1369 1414 1408 C.
1449 1380 1486 1411 a.
1515 1371 1542 1409 f.
1581 1366 1633 1408 1.'
1667 1375 1691 1408 4
1719 1370 1768 1409 Ec
1796 1381 1899 1416 Qum

292 1455 372 1484 Eoo
405 1456 522 1485 NUNC
555 1457 606 1485 ΤΕ
639 1457 820 1486 LAUDEM
853 1447 1224 1495 distinguendum.
1259 1447 1312 1486 (α)

464 1522 482 1556 1
526 1532 551 1556 α
593 1521 794 1565 Vergilius
837 1522 1028 1564 (Aen.102
1049 1521 1137 1563 600)
1186 1523 1238 1557 ‘et
1274 1520 1441 1556 fratrem
1476 1531 1525 1556 ne
1563 1522 1713 1563 desere,
1751 1520 1899 1557 frater'.

410 1575 432 1611 3
462 1572 576 1617 *QUID
606 1586 680 1611 Eoo
708 1586 816 1612 NUNC
844 1587 891 1611 ΤΕ
920 1577 1013 1620 quia
1036 1575 1152 1611 laus
1179 1585 1310 1619 genus
1335 1584 1480 1610 causae
1505 1576 1580 1620 est,
1607 1576 1709 1619 quod
1739 1585 1819 1611 non
1836 1577 1901 1611 ad-

406 1629 567 1665 hibetur
594 1631 672 1666 nisi
701 1632 842 1666 dubiae
870 1631 938 1666 rei.
970 1631 994 1665 4
1023 1640 1046 1665 α.
1076 1630 1195 1674 ‘quid'
1226 1632 1364 1665 autem
1398 1631 1612 1674 propter
1640 1629 1769 1673 quid.

5 1679 10 1734 Ῐ
143 1703 216 1740 257
289 1700 313 1738 2
342 1701 686 1749 <NUMQUAM>
714 1713 788 1741 ITA
814 1712 1054 1741 MAGNIFIOE
1082 1712 1308 1747 QmoQUAM
1336 1712 1473 1740 D1oAM
1500 1701 1659 1749 duplex
1687 1704 1900 1740 causaest

289 1777 561 1816 omittendae
586 1779 749 1817 laudis:
777 1780 814 1817 si
842 1789 912 1817 res
940 1781 1015 1817 aut
1042 1779 1227 1816 nimium
1258 1778 1376 1816 maia
1394 1779 1462 1816 est
1479 1779 1554 1815 aut
1572 1777 1756 1815 nimium
1776 1777 1898 1816 bona.

291 1853 315 1890 2
344 1864 388 1891 ID
414 1864 569 1893 vnvms
596 1864 701 1900 QUIN
728 1865 918 1894 SUPERET
941 1865 1030 1894 TUA
1056 1855 1170 1893 bona
1191 1854 1451 1904 περίφρασιςῑ
1473 1853 1630 1892 ‘virtus
1646 1855 1736 1892 tua’
1755 1854 1900 1901 potius

290 1939 420 1977 quam
456 1929 548 1968 ‘tu’.

142 2006 218 2043 258
346 2015 508 2051 ITAQUE
551 2007 692 2046 UNAM*
712 2018 833 2046 HANG
865 2018 954 2046 REM
986 2019 1044 2046 Mn
1072 2018 1249 2046 HABERE
1284 2007 1458 2054 ‘itaque’
1493 2008 1535 2045 et
1567 2006 1898 2044 subiunctivum

290 2083 436 2128 potest
477 2093 572 2121 esse
612 2089 811 2132 correpta
842 2085 988 2122 media
1019 2083 1207 2132 syllaba,
1242 2085 1284 2122 et
1314 2083 1659 2131 praepositivum
1694 2083 1900 2131 producta

288 2157 441 2196 eadem
475 2158 663 2208 syllaba,
699 2162 748 2198 ut
780 2161 837 2198 sit
869 2161 1073 2207 itaque.

141 2235 217 2272 259
349 2235 368 2272 1
404 2245 608 2274 FRATREM
641 2246 753 2275 nove
787 2237 897 2274 dixit
932 2236 1078 2274 ‘unam
1114 2237 1220 2274 rem'
1258 2236 1490 2274 ‘fratrem’z
1521 2236 1544 2273 2
1572 2241 1625 2282 (α)
1653 2236 1767 2273 hano
1794 2245 1898 2273 sane

285 2309 551 2351 locutionem
585 2313 694 2351 scire
719 2313 928 2352 debemus
953 2315 1128 2361 propter
1154 2323 1387 2361 personam
1417 2312 1703 2360 elaboratam,
1729 2322 1830 2350 nam
1856 2315 1899 2350 et

289 2382 476 2426 'nimium
504 2389 665 2436 gaudet
697 2390 740 2427 et
771 2389 966 2427 rusticus
999 2389 1258 2427 adulescens
1291 2391 1374 2431 est,
1410 2388 1481 2435 qui
1517 2390 1699 2426 conatur
1724 2387 1898 2425 laudare

289 2462 558 2502 Aeschinum
586 2465 784 2504 titubans
801 2476 851 2504 ao
868 2476 1006 2514 paene
1024 2465 1285 2504 balbutiens.
1305 2466 1329 2503 3
1348 2474 1553 2503 HOMiNEM
1571 2473 1770 2502 NEMINEM
1788 2472 1898 2501 nove

291 2539 468 2578 auribus
501 2541 681 2590 nostris,
715 2542 790 2579 sed
819 2544 1023 2580 veterum
1051 2541 1368 2580 consuetudine
1394 2541 1567 2579 loeutus
1600 2542 1678 2578 est.
1713 2540 1765 2578 (α)

461 2614 484 2650 2
514 2626 537 2649 α
565 2613 665 2651 *Sed
695 2625 770 2659 ego
800 2617 899 2659 puto
929 2615 1121 2651 ‘fratrem’
1148 2626 1227 2652 non
1257 2615 1666 2658 subdistinguendum
1684 2614 1752 2648 sed
1768 2613 1897 2656 legen-

8 2655 10 2708 ἓ
408 2669 503 2703 dum
527 2670 716 2705 contexte
742 2680 870 2714 usque
895 2671 943 2705 ad
971 2670 1232 2715 ‘principem'‚
1259 2680 1352 2705 nam
1377 2669 1411 2705 si
1435 2667 1669 2704 distinxeris
1695 2667 1898 2710 ‘fratrem’,

8 2720 11 2746 ¹
406 2721 466 2757 bis
493 2724 568 2758 orit
597 2722 792 2759 ‘arbitror’
822 2724 1146 2760 subaudiendum
1176 2726 1216 2760 et
1244 2733 1368 2768 supra
1398 2725 1438 2759 et
1467 2723 1581 2766 infra,
1613 2722 1714 2765 quod
1748 2721 1781 2756 si
1812 2720 1896 2754 ‘fra-

8 2771 11 2792 ”
407 2777 523 2811 trem'
552 2777 806 2813 inferioribus
830 2779 1025 2821 iunxeris,
1050 2780 1090 2814 et
1113 2788 1204 2815 cum
1228 2778 1492 2813 admiratione
1517 2775 1843 2820 pronuntiabitur
1859 2775 1896 2808 et

408 2831 672 2867 subaudietur
700 2833 833 2875 ‘quam
863 2832 986 2868 mihi’.
1017 2832 1039 2868 3
1069 2842 1093 2867 α
1121 2842 1217 2868 nam
1241 2841 1331 2866 eum
1358 2830 1586 2867 ‘neminem'
1613 2828 1699 2874 <n
1713 2827 1794 2873 e>
1825 2827 1849 2861 h
1862 2837 1897 2861 o-

408 2884 592 2920 minem
631 2886 844 2930 significet,
880 2886 972 2930 quid
1010 2896 1110 2929 opus
1139 2886 1214 2921 fuit
1248 2887 1374 2921 dicere
1404 2885 1621 2920 ‘hominem
1652 2881 1896 2917 neminem’?

409 2937 433 2972 4
462 2940 544 2982 sed,
575 2941 618 2974 ut
648 2940 824 2975 diximus
853 2940 912 2982 (cf.
930 2939 1108 2985 schol3),
1138 2940 1267 2983 figura
1295 2941 1357 2974 est
1386 2940 1598 2981 ἀρχαϊσμος.

146 3017 222 3053 260
352 3017 371 3053 1
413 3027 436 3054 o
479 3028 685 3057 CTESIPHO
723 3019 833 3058 mire
857 3020 1016 3068 -coepit
1057 3019 1264 3066 gaudium
1306 3016 1559 3065 significans
1593 3015 1630 3053 ‘o
1662 3013 1897 3061 Ctesipho‘.

159 3086 162 3089 ’
293 3091 318 3129 2
349 3091 434 3139 <o
466 3095 734 3143 οΤΕεΙΡΗο>
765 3105 788 3133 o
821 3104 931 3133 SYRE
962 3095 1033 3133 ille
1067 3096 1114 3132 ut
1145 3094 1357 3141 gaudenti,
1392 3093 1462 3130 hic
1495 3094 1542 3129 ut
1568 3092 1639 3138 qui
1668 3100 1750 3127 non
1780 3098 1894 3136 prae-
