<?xml version="1.0" encoding="UTF-8"?>
<!DOCTYPE html PUBLIC "-//W3C//DTD XHTML 1.0 Transitional//EN"
    "http://www.w3.org/TR/xhtml1/DTD/xhtml1-transitional.dtd">
<html xmlns="http://www.w3.org/1999/xhtml" xml:lang="en" lang="en">
 <head>
  <title>
</title>
<meta http-equiv="Content-Type" content="text/html;charset=utf-8" />
  <meta name='ocr-system' content='tesseract 3.04.00' />
  <meta name='ocr-capabilities' content='ocr_page ocr_carea ocr_par ocr_line ocrx_word'/>
</head>
<body>
  <div class='ocr_page' id='page_1' title='image "./commentidonatian00donauoft/commentidonatian00donauoft_0541.png"; bbox 0 0 2242 3443; ppageno 0'>
   <div class='ocr_carea' id='block_1_1' title="bbox 152 275 228 315">
    <p class='ocr_par' dir='ltr' id='par_1_1' title="bbox 152 275 228 315">
     <span class='ocr_line' id='line_1_1' title="bbox 152 275 228 315; baseline -0.013 0"><span class='ocrx_word' id='word_1_1' title='bbox 152 275 228 315; x_wconf 74' lang='lat'><strong>614</strong></span> 
     </span>
    </p>
   </div>
   <div class='ocr_carea' id='block_1_2' title="bbox 154 664 230 699">
    <p class='ocr_par' dir='ltr' id='par_1_2' title="bbox 154 664 230 699">
     <span class='ocr_line' id='line_1_2' title="bbox 154 664 230 699; baseline 0 0"><span class='ocrx_word' id='word_1_2' title='bbox 154 664 230 699; x_wconf 84' lang='grc'><strong>615</strong></span> 
     </span>
    </p>
   </div>
   <div class='ocr_carea' id='block_1_3' title="bbox 154 973 232 1009">
    <p class='ocr_par' dir='ltr' id='par_1_3' title="bbox 154 973 232 1009">
     <span class='ocr_line' id='line_1_3' title="bbox 154 973 232 1009; baseline 0.013 -1"><span class='ocrx_word' id='word_1_3' title='bbox 154 973 232 1009; x_wconf 86' lang='grc'><strong>616</strong></span> 
     </span>
    </p>
   </div>
   <div class='ocr_carea' id='block_1_4' title="bbox 155 1284 229 1319">
    <p class='ocr_par' dir='ltr' id='par_1_4' title="bbox 155 1284 229 1319">
     <span class='ocr_line' id='line_1_4' title="bbox 155 1284 229 1319; baseline 0 0"><span class='ocrx_word' id='word_1_4' title='bbox 155 1284 229 1319; x_wconf 81' lang='grc'><strong>617</strong></span> 
     </span>
    </p>
   </div>
   <div class='ocr_carea' id='block_1_5' title="bbox 156 1821 233 1856">
    <p class='ocr_par' dir='ltr' id='par_1_5' title="bbox 156 1821 233 1856">
     <span class='ocr_line' id='line_1_5' title="bbox 156 1821 233 1856; baseline 0 0"><span class='ocrx_word' id='word_1_5' title='bbox 156 1821 233 1856; x_wconf 84' lang='grc'><strong>618</strong></span> 
     </span>
    </p>
   </div>
   <div class='ocr_carea' id='block_1_6' title="bbox 158 2182 236 2217">
    <p class='ocr_par' dir='ltr' id='par_1_6' title="bbox 158 2182 236 2217">
     <span class='ocr_line' id='line_1_6' title="bbox 158 2182 236 2217; baseline 0 0"><span class='ocrx_word' id='word_1_6' title='bbox 158 2182 236 2217; x_wconf 87' lang='grc'><strong>619</strong></span> 
     </span>
    </p>
   </div>
   <div class='ocr_carea' id='block_1_7' title="bbox 163 2633 241 2668">
    <p class='ocr_par' dir='ltr' id='par_1_7' title="bbox 163 2633 241 2668">
     <span class='ocr_line' id='line_1_7' title="bbox 163 2633 241 2668; baseline 0 0"><span class='ocrx_word' id='word_1_7' title='bbox 163 2633 241 2668; x_wconf 78' lang='lat'><strong>620</strong></span> 
     </span>
    </p>
   </div>
   <div class='ocr_carea' id='block_1_8' title="bbox 164 2934 237 2969">
    <p class='ocr_par' dir='ltr' id='par_1_8' title="bbox 164 2934 237 2969">
     <span class='ocr_line' id='line_1_8' title="bbox 164 2934 237 2969; baseline 0 0"><span class='ocrx_word' id='word_1_8' title='bbox 164 2934 237 2969; x_wconf 76' lang='lat'><strong>621</strong></span> 
     </span>
    </p>
   </div>
   <div class='ocr_carea' id='block_1_9' title="bbox 1005 147 1084 185">
    <p class='ocr_par' dir='ltr' id='par_1_9' title="bbox 1005 147 1084 185">
     <span class='ocr_line' id='line_1_9' title="bbox 1005 147 1084 185; baseline 0 -2"><span class='ocrx_word' id='word_1_9' title='bbox 1005 147 1084 185; x_wconf 73' lang='lat'><strong>189</strong></span> 
     </span>
    </p>
   </div>
   <div class='ocr_carea' id='block_1_10' title="bbox 302 271 1921 622">
    <p class='ocr_par' dir='ltr' id='par_1_10' title="bbox 302 271 1921 622">
     <span class='ocr_line' id='line_1_10' title="bbox 361 271 1917 318; baseline -0.001 -6"><span class='ocrx_word' id='word_1_10' title='bbox 361 275 378 312; x_wconf 90' lang='lat'>1</span> <span class='ocrx_word' id='word_1_11' title='bbox 427 285 634 313; x_wconf 69' lang='lat' dir='ltr'><strong>[NGERTUS</strong></span> <span class='ocrx_word' id='word_1_12' title='bbox 677 284 761 312; x_wconf 81' lang='lat' dir='ltr'><strong>sUM</strong></span> <span class='ocrx_word' id='word_1_13' title='bbox 798 284 930 311; x_wconf 66' lang='lat' dir='ltr'>E&#39;HAM</span> <span class='ocrx_word' id='word_1_14' title='bbox 964 283 1067 316; x_wconf 68' lang='lat' dir='ltr'><strong>oum</strong></span> <span class='ocrx_word' id='word_1_15' title='bbox 1101 283 1172 309; x_wconf 76' lang='lat' dir='ltr'><strong>sim</strong></span> <span class='ocrx_word' id='word_1_16' title='bbox 1211 283 1434 310; x_wconf 43' lang='lat' dir='ltr'><strong>[visci-ustus</strong></span> <span class='ocrx_word' id='word_1_17' title='bbox 1469 283 1550 309; x_wconf 86' lang='lat' dir='ltr'><strong>non</strong></span> <span class='ocrx_word' id='word_1_18' title='bbox 1586 271 1704 318; x_wconf 80' lang='lat' dir='ltr'><strong>‘quid</strong></span> <span class='ocrx_word' id='word_1_19' title='bbox 1742 272 1917 310; x_wconf 78' lang='lat' dir='ltr'><strong>faciam&#39;</strong></span> 
     </span>
     <span class='ocr_line' id='line_1_11' title="bbox 302 347 1917 398; baseline -0.001 -12"><span class='ocrx_word' id='word_1_20' title='bbox 302 350 425 398; x_wconf 75' lang='lat' dir='ltr'><strong>dixit,</strong></span> <span class='ocrx_word' id='word_1_21' title='bbox 460 351 535 389; x_wconf 86' lang='lat' dir='ltr'><strong>sed</strong></span> <span class='ocrx_word' id='word_1_22' title='bbox 570 349 684 398; x_wconf 89' lang='lat' dir='ltr'><strong>‘quid</strong></span> <span class='ocrx_word' id='word_1_23' title='bbox 719 349 804 386; x_wconf 89' lang='lat' dir='ltr'><strong>sim</strong></span> <span class='ocrx_word' id='word_1_24' title='bbox 832 349 1057 394; x_wconf 83' lang='lat' dir='ltr'><strong>facturus&#39;,</strong></span> <span class='ocrx_word' id='word_1_25' title='bbox 1094 349 1141 384; x_wconf 89' lang='lat' dir='ltr'><strong>ut</strong></span> <span class='ocrx_word' id='word_1_26' title='bbox 1174 348 1389 385; x_wconf 85' lang='lat' dir='ltr'><strong>incertum</strong></span> <span class='ocrx_word' id='word_1_27' title='bbox 1424 347 1632 384; x_wconf 78' lang='lat' dir='ltr'>molimen</span> <span class='ocrx_word' id='word_1_28' title='bbox 1666 347 1799 385; x_wconf 89' lang='lat' dir='ltr'><strong>etiam</strong></span> <span class='ocrx_word' id='word_1_29' title='bbox 1830 357 1917 384; x_wconf 92' lang='lat' dir='ltr'><strong>ver-</strong></span> 
     </span>
     <span class='ocr_line' id='line_1_12' title="bbox 302 420 1919 474; baseline -0.002 -13"><span class='ocrx_word' id='word_1_30' title='bbox 302 425 368 462; x_wconf 86' lang='lat' dir='ltr'><strong>bis</strong></span> <span class='ocrx_word' id='word_1_31' title='bbox 416 426 633 474; x_wconf 91' lang='lat' dir='ltr'><strong>potuisset</strong></span> <span class='ocrx_word' id='word_1_32' title='bbox 674 424 917 463; x_wconf 76' lang='lat' dir='ltr'><strong>ostendere.</strong></span> <span class='ocrx_word' id='word_1_33' title='bbox 965 424 987 460; x_wconf 98' lang='grc'>2</span> <span class='ocrx_word' id='word_1_34' title='bbox 1031 432 1133 467; x_wconf 80' lang='lat' dir='ltr'><strong>Qum</strong></span> <span class='ocrx_word' id='word_1_35' title='bbox 1181 433 1252 459; x_wconf 87' lang='lat' dir='ltr'><strong>EST</strong></span> <span class='ocrx_word' id='word_1_36' title='bbox 1297 426 1340 459; x_wconf 81' lang='lat' dir='ltr'><strong>et</strong></span> <span class='ocrx_word' id='word_1_37' title='bbox 1374 422 1488 468; x_wconf 79' lang='lat' dir='ltr'><strong>‘quid</strong></span> <span class='ocrx_word' id='word_1_38' title='bbox 1525 423 1585 458; x_wconf 84' lang='lat' dir='ltr'><strong>ita</strong></span> <span class='ocrx_word' id='word_1_39' title='bbox 1616 422 1727 459; x_wconf 81' lang='lat' dir='ltr'><strong>istuc</strong></span> <span class='ocrx_word' id='word_1_40' title='bbox 1762 422 1842 459; x_wconf 87' lang='lat' dir='ltr'><strong>vis’</strong></span> <span class='ocrx_word' id='word_1_41' title='bbox 1876 420 1919 459; x_wconf 89' lang='lat' dir='ltr'><strong>et</strong></span> 
     </span>
     <span class='ocr_line' id='line_1_13' title="bbox 304 497 1921 547; baseline -0.003 -8"><span class='ocrx_word' id='word_1_42' title='bbox 304 499 418 547; x_wconf 90' lang='lat' dir='ltr'><strong>‘quid</strong></span> <span class='ocrx_word' id='word_1_43' title='bbox 462 501 544 539; x_wconf 88' lang='lat' dir='ltr'><strong>est’</strong></span> <span class='ocrx_word' id='word_1_44' title='bbox 587 510 637 539; x_wconf 92' lang='lat' dir='ltr'><strong>eo</strong></span> <span class='ocrx_word' id='word_1_45' title='bbox 679 499 803 538; x_wconf 91' lang='lat' dir='ltr'><strong>vultu</strong></span> <span class='ocrx_word' id='word_1_46' title='bbox 847 498 1201 547; x_wconf 79' lang='lat' dir='ltr'>pronuntiantur,</span> <span class='ocrx_word' id='word_1_47' title='bbox 1242 499 1288 535; x_wconf 88' lang='lat' dir='ltr'><strong>ut</strong></span> <span class='ocrx_word' id='word_1_48' title='bbox 1322 497 1554 536; x_wconf 88' lang='lat' dir='ltr'><strong>consilium</strong></span> <span class='ocrx_word' id='word_1_49' title='bbox 1589 497 1682 535; x_wconf 88' lang='lat' dir='ltr'><strong>eius</strong></span> <span class='ocrx_word' id='word_1_50' title='bbox 1715 499 1757 535; x_wconf 88' lang='lat' dir='ltr'><strong>et</strong></span> <span class='ocrx_word' id='word_1_51' title='bbox 1789 497 1921 536; x_wconf 87' lang='lat' dir='ltr'><strong>verba</strong></span> 
     </span>
     <span class='ocr_line' id='line_1_14' title="bbox 302 576 993 622; baseline -0.001 -9"><span class='ocrx_word' id='word_1_52' title='bbox 302 576 504 614; x_wconf 85' lang='lat' dir='ltr'><strong>videatur</strong></span> <span class='ocrx_word' id='word_1_53' title='bbox 538 578 821 615; x_wconf 78' lang='lat' dir='ltr'><strong>contemnere</strong></span> <span class='ocrx_word' id='word_1_54' title='bbox 854 577 993 622; x_wconf 83' lang='lat' dir='ltr'><strong>pater.</strong></span> 
     </span>
    </p>
   </div>
   <div class='ocr_carea' id='block_1_11' title="bbox 302 656 1920 933">
    <p class='ocr_par' dir='ltr' id='par_1_11' title="bbox 302 656 1920 933">
     <span class='ocr_line' id='line_1_15' title="bbox 359 656 1918 704; baseline -0.002 -7"><span class='ocrx_word' id='word_1_55' title='bbox 359 669 462 704; x_wconf 80' lang='lat' dir='ltr'><strong>Qum</strong></span> <span class='ocrx_word' id='word_1_56' title='bbox 503 671 569 697; x_wconf 77' lang='lat' dir='ltr'><strong>vis</strong></span> <span class='ocrx_word' id='word_1_57' title='bbox 602 669 766 698; x_wconf 77' lang='lat' dir='ltr'>EAcERE</span> <span class='ocrx_word' id='word_1_58' title='bbox 799 669 885 696; x_wconf 83' lang='lat' dir='ltr'>N1S1</span> <span class='ocrx_word' id='word_1_59' title='bbox 921 667 1145 696; x_wconf 76' lang='lat' dir='ltr'>REDUCERE</span> <span class='ocrx_word' id='word_1_60' title='bbox 1179 657 1240 694; x_wconf 78' lang='lat' dir='ltr'><strong>Sic</strong></span> <span class='ocrx_word' id='word_1_61' title='bbox 1275 656 1466 703; x_wconf 86' lang='lat' dir='ltr'><strong>loquitur</strong></span> <span class='ocrx_word' id='word_1_62' title='bbox 1498 656 1680 704; x_wconf 81' lang='lat' dir='ltr'><strong>Laches,</strong></span> <span class='ocrx_word' id='word_1_63' title='bbox 1715 658 1762 694; x_wconf 88' lang='lat' dir='ltr'><strong>ut</strong></span> <span class='ocrx_word' id='word_1_64' title='bbox 1796 656 1918 694; x_wconf 86' lang='lat' dir='ltr'><strong>Pam-</strong></span> 
     </span>
     <span class='ocr_line' id='line_1_16' title="bbox 303 731 1920 783; baseline -0.002 -11"><span class='ocrx_word' id='word_1_65' title='bbox 303 735 450 782; x_wconf 84' lang='lat' dir='ltr'>philus</span> <span class='ocrx_word' id='word_1_66' title='bbox 483 735 599 773; x_wconf 89' lang='lat' dir='ltr'><strong>aliud</strong></span> <span class='ocrx_word' id='word_1_67' title='bbox 632 735 891 783; x_wconf 91' lang='lat' dir='ltr'><strong>respondere</strong></span> <span class='ocrx_word' id='word_1_68' title='bbox 926 743 1011 772; x_wconf 93' lang='lat' dir='ltr'><strong>non</strong></span> <span class='ocrx_word' id='word_1_69' title='bbox 1039 733 1211 780; x_wconf 85' lang='lat' dir='ltr'><strong>audeat,</strong></span> <span class='ocrx_word' id='word_1_70' title='bbox 1240 733 1281 770; x_wconf 87' lang='lat' dir='ltr'><strong>et</strong></span> <span class='ocrx_word' id='word_1_71' title='bbox 1308 732 1402 770; x_wconf 91' lang='lat' dir='ltr'><strong>ideo</strong></span> <span class='ocrx_word' id='word_1_72' title='bbox 1431 731 1537 770; x_wconf 89' lang='lat' dir='ltr'><strong>dicit</strong></span> <span class='ocrx_word' id='word_1_73' title='bbox 1564 731 1777 778; x_wconf 87' lang='lat' dir='ltr'><strong>‘equidem</strong></span> <span class='ocrx_word' id='word_1_74' title='bbox 1797 732 1920 780; x_wconf 89' lang='lat' dir='ltr'><strong>cupio</strong></span> 
     </span>
     <span class='ocr_line' id='line_1_17' title="bbox 302 807 1919 857; baseline -0.002 -9"><span class='ocrx_word' id='word_1_75' title='bbox 302 813 346 848; x_wconf 90' lang='lat' dir='ltr'><strong>et</strong></span> <span class='ocrx_word' id='word_1_76' title='bbox 391 811 462 848; x_wconf 85' lang='lat' dir='ltr'><strong>vix</strong></span> <span class='ocrx_word' id='word_1_77' title='bbox 507 810 760 857; x_wconf 84' lang='lat' dir='ltr'><strong>contineor’,</strong></span> <span class='ocrx_word' id='word_1_78' title='bbox 805 811 854 848; x_wconf 85' lang='lat' dir='ltr'><strong>ut</strong></span> <span class='ocrx_word' id='word_1_79' title='bbox 896 809 1101 848; x_wconf 81' lang='lat' dir='ltr'><strong>reducam</strong></span> <span class='ocrx_word' id='word_1_80' title='bbox 1146 808 1339 846; x_wconf 84' lang='lat' dir='ltr'><strong>scilicet:</strong></span> <span class='ocrx_word' id='word_1_81' title='bbox 1382 807 1578 855; x_wconf 82' lang='lat' dir='ltr'><strong>&lt;sed&gt;</strong></span> <span class='ocrx_word' id='word_1_82' title='bbox 1619 807 1725 845; x_wconf 90' lang='lat' dir='ltr'><strong>adeo</strong></span> <span class='ocrx_word' id='word_1_83' title='bbox 1758 817 1919 855; x_wconf 84' lang='lat' dir='ltr'><strong>magna</strong></span> 
     </span>
     <span class='ocr_line' id='line_1_18' title="bbox 302 883 1667 933; baseline -0.001 -10"><span class='ocrx_word' id='word_1_84' title='bbox 302 895 435 923; x_wconf 84' lang='lat' dir='ltr'><strong>causa</strong></span> <span class='ocrx_word' id='word_1_85' title='bbox 469 888 535 923; x_wconf 87' lang='lat' dir='ltr'><strong>est</strong></span> <span class='ocrx_word' id='word_1_86' title='bbox 569 896 654 924; x_wconf 90' lang='lat' dir='ltr'><strong>non</strong></span> <span class='ocrx_word' id='word_1_87' title='bbox 687 885 935 933; x_wconf 89' lang='lat' dir='ltr'><strong>reducendi,</strong></span> <span class='ocrx_word' id='word_1_88' title='bbox 971 886 1019 922; x_wconf 91' lang='lat' dir='ltr'><strong>ut</strong></span> <span class='ocrx_word' id='word_1_89' title='bbox 1053 894 1149 922; x_wconf 86' lang='lat' dir='ltr'><strong>cum</strong></span> <span class='ocrx_word' id='word_1_90' title='bbox 1187 883 1333 932; x_wconf 88' lang='lat' dir='ltr'><strong>velim,</strong></span> <span class='ocrx_word' id='word_1_91' title='bbox 1368 893 1454 922; x_wconf 93' lang='lat' dir='ltr'><strong>non</strong></span> <span class='ocrx_word' id='word_1_92' title='bbox 1488 883 1667 932; x_wconf 90' lang='lat' dir='ltr'><strong>possim.</strong></span> 
     </span>
    </p>
   </div>
   <div class='ocr_carea' id='block_1_12' title="bbox 303 966 1918 1235">
    <p class='ocr_par' dir='ltr' id='par_1_12' title="bbox 303 966 1918 1235">
     <span class='ocr_line' id='line_1_19' title="bbox 365 966 1918 1008; baseline -0.001 -1"><span class='ocrx_word' id='word_1_93' title='bbox 365 971 383 1006; x_wconf 86' lang='grc'><strong>1</strong></span> <span class='ocrx_word' id='word_1_94' title='bbox 420 980 497 1007; x_wconf 80' lang='lat' dir='ltr'><strong>SED</strong></span> <span class='ocrx_word' id='word_1_95' title='bbox 531 979 616 1008; x_wconf 87' lang='lat' dir='ltr'><strong>NON</strong></span> <span class='ocrx_word' id='word_1_96' title='bbox 649 980 827 1008; x_wconf 84' lang='lat' dir='ltr'>MINUAM</span> <span class='ocrx_word' id='word_1_97' title='bbox 862 980 986 1007; x_wconf 81' lang='lat' dir='ltr'>MEUM</span> <span class='ocrx_word' id='word_1_98' title='bbox 1021 979 1254 1007; x_wconf 78' lang='lat' dir='ltr'>CONSILIUM</span> <span class='ocrx_word' id='word_1_99' title='bbox 1287 970 1414 1007; x_wconf 91' lang='lat' dir='ltr'><strong>acute</strong></span> <span class='ocrx_word' id='word_1_100' title='bbox 1441 970 1552 1006; x_wconf 86' lang='lat' dir='ltr'><strong>satis</strong></span> <span class='ocrx_word' id='word_1_101' title='bbox 1585 966 1918 1006; x_wconf 84' lang='lat' dir='ltr'><strong>‘reducendi’</strong></span> 
     </span>
     <span class='ocr_line' id='line_1_20' title="bbox 303 1043 1918 1094; baseline -0.001 -12"><span class='ocrx_word' id='word_1_102' title='bbox 303 1045 444 1092; x_wconf 88' lang='lat' dir='ltr'><strong>inquit</strong></span> <span class='ocrx_word' id='word_1_103' title='bbox 483 1044 714 1093; x_wconf 89' lang='lat' dir='ltr'><strong>‘cupiditas</strong></span> <span class='ocrx_word' id='word_1_104' title='bbox 748 1047 828 1094; x_wconf 86' lang='lat' dir='ltr'><strong>est,</strong></span> <span class='ocrx_word' id='word_1_105' title='bbox 862 1055 965 1084; x_wconf 88' lang='lat' dir='ltr'><strong>non</strong></span> <span class='ocrx_word' id='word_1_106' title='bbox 1000 1045 1306 1083; x_wconf 89' lang='lat' dir='ltr'><strong>reducendi</strong></span> <span class='ocrx_word' id='word_1_107' title='bbox 1340 1043 1601 1083; x_wconf 89' lang='lat' dir='ltr'><strong>consilium&#39;.</strong></span> <span class='ocrx_word' id='word_1_108' title='bbox 1636 1043 1660 1081; x_wconf 92' lang='grc'>2</span> <span class='ocrx_word' id='word_1_109' title='bbox 1698 1054 1740 1080; x_wconf 93' lang='lat' dir='ltr'><strong>ID</strong></span> <span class='ocrx_word' id='word_1_110' title='bbox 1773 1053 1918 1081; x_wconf 79' lang='lat' dir='ltr'>PERSE·</span> 
     </span>
     <span class='ocr_line' id='line_1_21' title="bbox 303 1118 1917 1169; baseline -0.001 -11"><span class='ocrx_word' id='word_1_111' title='bbox 303 1130 420 1165; x_wconf 82' lang='lat' dir='ltr'>QUAR</span> <span class='ocrx_word' id='word_1_112' title='bbox 463 1131 546 1159; x_wconf 91' lang='lat' dir='ltr'><strong>non</strong></span> <span class='ocrx_word' id='word_1_113' title='bbox 593 1120 776 1169; x_wconf 88' lang='lat' dir='ltr'><strong>‘sequar’</strong></span> <span class='ocrx_word' id='word_1_114' title='bbox 822 1121 898 1159; x_wconf 92' lang='lat' dir='ltr'><strong>sed</strong></span> <span class='ocrx_word' id='word_1_115' title='bbox 944 1120 1209 1169; x_wconf 85' lang='lat' dir='ltr'><strong>‘persequar’</strong></span> <span class='ocrx_word' id='word_1_116' title='bbox 1254 1120 1326 1168; x_wconf 84' lang='lat' dir='ltr'><strong>ait,</strong></span> <span class='ocrx_word' id='word_1_117' title='bbox 1370 1121 1419 1157; x_wconf 92' lang='lat' dir='ltr'><strong>ut</strong></span> <span class='ocrx_word' id='word_1_118' title='bbox 1455 1118 1714 1158; x_wconf 79' lang='lat' dir='ltr'>instantiam</span> <span class='ocrx_word' id='word_1_119' title='bbox 1748 1119 1917 1157; x_wconf 89' lang='lat' dir='ltr'><strong>demon-</strong></span> 
     </span>
     <span class='ocr_line' id='line_1_22' title="bbox 303 1198 480 1235; baseline 0 -1"><span class='ocrx_word' id='word_1_120' title='bbox 303 1198 480 1235; x_wconf 75' lang='lat' dir='ltr'><strong>Str-aret.</strong></span> 
     </span>
    </p>
   </div>
   <div class='ocr_carea' id='block_1_13' title="bbox 304 1278 1924 1774">
    <p class='ocr_par' dir='ltr' id='par_1_13' title="bbox 304 1278 1924 1774">
     <span class='ocr_line' id='line_1_23' title="bbox 366 1278 1920 1318; baseline -0.002 0"><span class='ocrx_word' id='word_1_121' title='bbox 366 1281 384 1317; x_wconf 91' lang='lat'>1</span> <span class='ocrx_word' id='word_1_122' title='bbox 431 1290 565 1318; x_wconf 79' lang='lat' dir='ltr'><strong>ORE-Do</strong></span> <span class='ocrx_word' id='word_1_123' title='bbox 608 1291 664 1318; x_wconf 98' lang='lat' dir='ltr'><strong>EA</strong></span> <span class='ocrx_word' id='word_1_124' title='bbox 707 1290 872 1318; x_wconf 80' lang='lat' dir='ltr'>GRATIA</span> <span class='ocrx_word' id='word_1_125' title='bbox 915 1290 1159 1318; x_wconf 77' lang='lat' dir='ltr'><strong>coNcoRDEs</strong></span> <span class='ocrx_word' id='word_1_126' title='bbox 1194 1289 1329 1317; x_wconf 75' lang='lat' dir='ltr'>MAGIS</span> <span class='ocrx_word' id='word_1_127' title='bbox 1363 1278 1634 1317; x_wconf 79' lang='lat' dir='ltr'><strong>sententiose</strong></span> <span class='ocrx_word' id='word_1_128' title='bbox 1669 1278 1780 1316; x_wconf 84' lang='lat' dir='ltr'>dixit</span> <span class='ocrx_word' id='word_1_129' title='bbox 1813 1279 1920 1316; x_wconf 87' lang='lat' dir='ltr'><strong>tunc</strong></span> 
     </span>
     <span class='ocr_line' id='line_1_24' title="bbox 306 1352 1923 1404; baseline -0.002 -10"><span class='ocrx_word' id='word_1_130' title='bbox 306 1366 433 1403; x_wconf 88' lang='lat' dir='ltr'><strong>posse</strong></span> <span class='ocrx_word' id='word_1_131' title='bbox 476 1357 588 1395; x_wconf 90' lang='lat' dir='ltr'><strong>inter</strong></span> <span class='ocrx_word' id='word_1_132' title='bbox 630 1366 677 1394; x_wconf 88' lang='lat' dir='ltr'><strong>se</strong></span> <span class='ocrx_word' id='word_1_133' title='bbox 720 1366 958 1404; x_wconf 87' lang='lat' dir='ltr'><strong>congruere</strong></span> <span class='ocrx_word' id='word_1_134' title='bbox 1000 1358 1042 1394; x_wconf 87' lang='lat' dir='ltr'><strong>et</strong></span> <span class='ocrx_word' id='word_1_135' title='bbox 1086 1355 1344 1394; x_wconf 89' lang='lat' dir='ltr'><strong>concordare</strong></span> <span class='ocrx_word' id='word_1_136' title='bbox 1387 1354 1606 1403; x_wconf 87' lang='lat' dir='ltr'><strong>mulieres,</strong></span> <span class='ocrx_word' id='word_1_137' title='bbox 1642 1364 1739 1392; x_wconf 90' lang='lat' dir='ltr'><strong>cum</strong></span> <span class='ocrx_word' id='word_1_138' title='bbox 1774 1355 1815 1391; x_wconf 89' lang='lat' dir='ltr'><strong>et</strong></span> <span class='ocrx_word' id='word_1_139' title='bbox 1848 1352 1923 1391; x_wconf 88' lang='lat' dir='ltr'><strong>illa</strong></span> 
     </span>
     <span class='ocr_line' id='line_1_25' title="bbox 305 1428 1923 1470; baseline -0.003 0"><span class='ocrx_word' id='word_1_140' title='bbox 305 1442 402 1470; x_wconf 89' lang='lat' dir='ltr'><strong>esse</strong></span> <span class='ocrx_word' id='word_1_141' title='bbox 444 1432 623 1470; x_wconf 82' lang='lat' dir='ltr'><strong>desierit</strong></span> <span class='ocrx_word' id='word_1_142' title='bbox 666 1442 817 1470; x_wconf 89' lang='lat' dir='ltr'><strong>socrus</strong></span> <span class='ocrx_word' id='word_1_143' title='bbox 860 1433 903 1470; x_wconf 88' lang='lat' dir='ltr'><strong>et</strong></span> <span class='ocrx_word' id='word_1_144' title='bbox 945 1432 1021 1470; x_wconf 90' lang='lat' dir='ltr'><strong>illa</strong></span> <span class='ocrx_word' id='word_1_145' title='bbox 1064 1441 1223 1470; x_wconf 89' lang='lat' dir='ltr'><strong>nurus:</strong></span> <span class='ocrx_word' id='word_1_146' title='bbox 1269 1431 1376 1469; x_wconf 90' lang='lat' dir='ltr'><strong>haec</strong></span> <span class='ocrx_word' id='word_1_147' title='bbox 1418 1430 1535 1469; x_wconf 91' lang='lat' dir='ltr'><strong>enim</strong></span> <span class='ocrx_word' id='word_1_148' title='bbox 1578 1430 1691 1468; x_wconf 86' lang='lat' dir='ltr'><strong>inter</strong></span> <span class='ocrx_word' id='word_1_149' title='bbox 1722 1428 1821 1466; x_wconf 86' lang='lat' dir='ltr'><strong>illas</strong></span> <span class='ocrx_word' id='word_1_150' title='bbox 1854 1430 1923 1466; x_wconf 89' lang='lat' dir='ltr'><strong>est</strong></span> 
     </span>
     <span class='ocr_line' id='line_1_26' title="bbox 305 1503 1921 1555; baseline -0.002 -11"><span class='ocrx_word' id='word_1_151' title='bbox 305 1506 539 1547; x_wconf 86' lang='lat' dir='ltr'><strong>discidiosa</strong></span> <span class='ocrx_word' id='word_1_152' title='bbox 580 1508 851 1555; x_wconf 86' lang='lat' dir='ltr'><strong>coniunctio;</strong></span> <span class='ocrx_word' id='word_1_153' title='bbox 897 1509 921 1545; x_wconf 91' lang='grc'>2</span> <span class='ocrx_word' id='word_1_154' title='bbox 964 1510 1007 1546; x_wconf 90' lang='lat' dir='ltr'><strong>et</strong></span> <span class='ocrx_word' id='word_1_155' title='bbox 1039 1507 1150 1545; x_wconf 88' lang='lat' dir='ltr'><strong>satis</strong></span> <span class='ocrx_word' id='word_1_156' title='bbox 1186 1506 1412 1555; x_wconf 86' lang='lat' dir='ltr'><strong>ingeniose</strong></span> <span class='ocrx_word' id='word_1_157' title='bbox 1445 1506 1636 1552; x_wconf 88' lang='lat' dir='ltr'><strong>dictum;</strong></span> <span class='ocrx_word' id='word_1_158' title='bbox 1669 1503 1773 1542; x_wconf 86' lang='lat' dir='ltr'><strong>tolle</strong></span> <span class='ocrx_word' id='word_1_159' title='bbox 1806 1503 1921 1542; x_wconf 90' lang='lat' dir='ltr'><strong>enim</strong></span> 
     </span>
     <span class='ocr_line' id='line_1_27' title="bbox 304 1580 1921 1632; baseline -0.002 -12"><span class='ocrx_word' id='word_1_160' title='bbox 304 1583 417 1621; x_wconf 88' lang='lat' dir='ltr'><strong>inter</strong></span> <span class='ocrx_word' id='word_1_161' title='bbox 474 1583 683 1622; x_wconf 88' lang='lat' dir='ltr'><strong>mulieres</strong></span> <span class='ocrx_word' id='word_1_162' title='bbox 730 1584 1063 1632; x_wconf 76' lang='lat' dir='ltr'><strong>proximitatem</strong></span> <span class='ocrx_word' id='word_1_163' title='bbox 1112 1584 1155 1622; x_wconf 87' lang='lat' dir='ltr'><strong>et</strong></span> <span class='ocrx_word' id='word_1_164' title='bbox 1202 1582 1324 1621; x_wconf 81' lang='lat' dir='ltr'><strong>nulla</strong></span> <span class='ocrx_word' id='word_1_165' title='bbox 1372 1592 1504 1620; x_wconf 87' lang='lat' dir='ltr'><strong>causa</strong></span> <span class='ocrx_word' id='word_1_166' title='bbox 1551 1580 1793 1619; x_wconf 85' lang='lat' dir='ltr'><strong>discordiae</strong></span> <span class='ocrx_word' id='word_1_167' title='bbox 1841 1580 1921 1617; x_wconf 89' lang='lat' dir='ltr'><strong>est.</strong></span> 
     </span>
     <span class='ocr_line' id='line_1_28' title="bbox 306 1655 1924 1706; baseline -0.004 -9"><span class='ocrx_word' id='word_1_168' title='bbox 306 1659 331 1696; x_wconf 86' lang='lat'><strong>3</strong></span> <span class='ocrx_word' id='word_1_169' title='bbox 371 1669 614 1697; x_wconf 82' lang='lat' dir='ltr'>CONCORDES</span> <span class='ocrx_word' id='word_1_170' title='bbox 647 1669 783 1698; x_wconf 81' lang='lat' dir='ltr'>MAGIS</span> <span class='ocrx_word' id='word_1_171' title='bbox 817 1670 854 1697; x_wconf 84' lang='lat' dir='ltr'><strong>SI</strong></span> <span class='ocrx_word' id='word_1_172' title='bbox 888 1669 976 1699; x_wconf 82' lang='lat' dir='ltr'><strong>NoN</strong></span> <span class='ocrx_word' id='word_1_173' title='bbox 1011 1658 1168 1706; x_wconf 86' lang='lat' dir='ltr'><strong>‘magis</strong></span> <span class='ocrx_word' id='word_1_174' title='bbox 1201 1658 1448 1697; x_wconf 90' lang='lat' dir='ltr'><strong>concordes’</strong></span> <span class='ocrx_word' id='word_1_175' title='bbox 1484 1658 1632 1695; x_wconf 90' lang='lat' dir='ltr'><strong>utrum</strong></span> <span class='ocrx_word' id='word_1_176' title='bbox 1667 1665 1741 1704; x_wconf 90' lang='lat' dir='ltr'><strong>pro</strong></span> <span class='ocrx_word' id='word_1_177' title='bbox 1774 1655 1924 1692; x_wconf 89' lang='lat' dir='ltr'><strong>minus</strong></span> 
     </span>
     <span class='ocr_line' id='line_1_29' title="bbox 305 1730 1421 1774; baseline 0 -3"><span class='ocrx_word' id='word_1_178' title='bbox 305 1730 579 1773; x_wconf 82' lang='lat' dir='ltr'><strong>discordibus</strong></span> <span class='ocrx_word' id='word_1_179' title='bbox 611 1735 724 1774; x_wconf 86' lang='lat' dir='ltr'><strong>dixit</strong></span> <span class='ocrx_word' id='word_1_180' title='bbox 756 1745 810 1773; x_wconf 85' lang='lat' dir='ltr'><strong>an</strong></span> <span class='ocrx_word' id='word_1_181' title='bbox 845 1738 892 1773; x_wconf 92' lang='lat' dir='ltr'><strong>ut</strong></span> <span class='ocrx_word' id='word_1_182' title='bbox 924 1736 1110 1774; x_wconf 86' lang='lat' dir='ltr'><strong>serviret</strong></span> <span class='ocrx_word' id='word_1_183' title='bbox 1143 1734 1421 1773; x_wconf 85' lang='lat' dir='ltr'><strong>sententiae?</strong></span> 
     </span>
    </p>
   </div>
   <div class='ocr_carea' id='block_1_14' title="bbox 304 1814 1923 1942">
    <p class='ocr_par' dir='ltr' id='par_1_14' title="bbox 304 1814 1923 1942">
     <span class='ocr_line' id='line_1_30' title="bbox 366 1814 1923 1857; baseline -0.003 -2"><span class='ocrx_word' id='word_1_184' title='bbox 366 1819 383 1855; x_wconf 88' lang='lat'>1</span> <span class='ocrx_word' id='word_1_185' title='bbox 421 1828 600 1856; x_wconf 82' lang='lat' dir='ltr'>NESCIAS</span> <span class='ocrx_word' id='word_1_186' title='bbox 634 1820 781 1856; x_wconf 87' lang='lat' dir='ltr'><strong>utrum</strong></span> <span class='ocrx_word' id='word_1_187' title='bbox 815 1818 1054 1857; x_wconf 89' lang='lat' dir='ltr'><strong>concordes</strong></span> <span class='ocrx_word' id='word_1_188' title='bbox 1085 1818 1259 1856; x_wconf 78' lang='lat' dir='ltr'><strong>futurae</strong></span> <span class='ocrx_word' id='word_1_189' title='bbox 1293 1818 1382 1855; x_wconf 89' lang='lat' dir='ltr'><strong>sint</strong></span> <span class='ocrx_word' id='word_1_190' title='bbox 1414 1826 1467 1855; x_wconf 85' lang='lat' dir='ltr'><strong>an</strong></span> <span class='ocrx_word' id='word_1_191' title='bbox 1504 1814 1738 1854; x_wconf 88' lang='lat' dir='ltr'><strong>discordes.</strong></span> <span class='ocrx_word' id='word_1_192' title='bbox 1772 1814 1796 1851; x_wconf 91' lang='grc'>2</span> <span class='ocrx_word' id='word_1_193' title='bbox 1825 1823 1923 1851; x_wconf 82' lang='lat' dir='ltr'>NES-</span> 
     </span>
     <span class='ocr_line' id='line_1_31' title="bbox 304 1891 1922 1942; baseline -0.002 -12"><span class='ocrx_word' id='word_1_194' title='bbox 304 1903 400 1931; x_wconf 74' lang='lat' dir='ltr'><strong>crAs</strong></span> <span class='ocrx_word' id='word_1_195' title='bbox 446 1905 596 1933; x_wconf 82' lang='lat' dir='ltr'>VERUM</span> <span class='ocrx_word' id='word_1_196' title='bbox 638 1894 806 1942; x_wconf 81' lang='lat' dir='ltr'>&lt;ID&gt;</span> <span class='ocrx_word' id='word_1_197' title='bbox 847 1904 934 1933; x_wconf 79' lang='lat' dir='ltr'><strong>TUA</strong></span> <span class='ocrx_word' id='word_1_198' title='bbox 975 1905 1138 1933; x_wconf 78' lang='lat' dir='ltr'>REFERT</span> <span class='ocrx_word' id='word_1_199' title='bbox 1184 1894 1263 1932; x_wconf 90' lang='lat' dir='ltr'><strong>hoc</strong></span> <span class='ocrx_word' id='word_1_200' title='bbox 1309 1892 1492 1932; x_wconf 85' lang='lat' dir='ltr'><strong>verbum</strong></span> <span class='ocrx_word' id='word_1_201' title='bbox 1535 1902 1590 1930; x_wconf 91' lang='lat' dir='ltr'><strong>ex</strong></span> <span class='ocrx_word' id='word_1_202' title='bbox 1622 1891 1768 1938; x_wconf 87' lang='lat' dir='ltr'><strong>aliqua</strong></span> <span class='ocrx_word' id='word_1_203' title='bbox 1800 1891 1922 1937; x_wconf 84' lang='lat' dir='ltr'><strong>parte</strong></span> 
     </span>
    </p>
   </div>
   <div class='ocr_carea' id='block_1_15' title="bbox 306 1967 1204 2009">
    <p class='ocr_par' dir='ltr' id='par_1_15' title="bbox 306 1967 1204 2009">
     <span class='ocr_line' id='line_1_32' title="bbox 306 1967 1204 2009; baseline 0.002 -3"><span class='ocrx_word' id='word_1_204' title='bbox 306 1967 662 2009; x_wconf 88' lang='lat' dir='ltr'><strong>confirmativum</strong></span> <span class='ocrx_word' id='word_1_205' title='bbox 689 1972 766 2008; x_wconf 90' lang='lat' dir='ltr'><strong>-est</strong></span> <span class='ocrx_word' id='word_1_206' title='bbox 798 1972 840 2008; x_wconf 82' lang='lat' dir='ltr'><strong>et</strong></span> <span class='ocrx_word' id='word_1_207' title='bbox 874 1970 1204 2009; x_wconf 86' lang='lat' dir='ltr'><strong>consentientis.</strong></span> 
     </span>
    </p>
   </div>
   <div class='ocr_carea' id='block_1_16' title="bbox 427 2038 1922 2134">
    <p class='ocr_par' dir='ltr' id='par_1_16' title="bbox 427 2038 1922 2134">
     <span class='ocr_line' id='line_1_33' title="bbox 477 2038 1922 2087; baseline -0.005 -8"><span class='ocrx_word' id='word_1_208' title='bbox 477 2043 501 2080; x_wconf 87' lang='lat'>3</span> <span class='ocrx_word' id='word_1_209' title='bbox 539 2054 680 2079; x_wconf 82' lang='lat' dir='ltr'>UTRUM</span> <span class='ocrx_word' id='word_1_210' title='bbox 720 2053 845 2079; x_wconf 87' lang='lat' dir='ltr'><strong>unum</strong></span> <span class='ocrx_word' id='word_1_211' title='bbox 885 2045 930 2079; x_wconf 85' lang='lat' dir='ltr'><strong>de</strong></span> <span class='ocrx_word' id='word_1_212' title='bbox 970 2045 1125 2079; x_wconf 82' lang='lat' dir='ltr'><strong>duobus</strong></span> <span class='ocrx_word' id='word_1_213' title='bbox 1165 2042 1383 2087; x_wconf 84' lang='lat' dir='ltr'><strong>Significat:</strong></span> <span class='ocrx_word' id='word_1_214' title='bbox 1425 2044 1561 2077; x_wconf 83' lang='lat' dir='ltr'><strong>utrum</strong></span> <span class='ocrx_word' id='word_1_215' title='bbox 1596 2040 1810 2076; x_wconf 87' lang='lat' dir='ltr'><strong>concordes</strong></span> <span class='ocrx_word' id='word_1_216' title='bbox 1841 2038 1922 2073; x_wconf 87' lang='lat' dir='ltr'><strong>sint</strong></span> 
     </span>
     <span class='ocr_line' id='line_1_34' title="bbox 427 2098 777 2134; baseline 0.003 -2"><span class='ocrx_word' id='word_1_217' title='bbox 427 2106 531 2133; x_wconf 89' lang='lat' dir='ltr'><strong>anne</strong></span> <span class='ocrx_word' id='word_1_218' title='bbox 560 2098 777 2134; x_wconf 86' lang='lat' dir='ltr'><strong>discordes.</strong></span> 
     </span>
    </p>
   </div>
   <div class='ocr_carea' id='block_1_17' title="bbox 305 2173 1924 2301">
    <p class='ocr_par' dir='ltr' id='par_1_17' title="bbox 305 2173 1924 2301">
     <span class='ocr_line' id='line_1_35' title="bbox 368 2173 1919 2222; baseline -0.004 -8"><span class='ocrx_word' id='word_1_219' title='bbox 368 2178 386 2214; x_wconf 96' lang='lat'>1</span> <span class='ocrx_word' id='word_1_220' title='bbox 423 2187 580 2215; x_wconf 87' lang='lat' dir='ltr'>ODIOSA</span> <span class='ocrx_word' id='word_1_221' title='bbox 613 2188 729 2216; x_wconf 84' lang='lat' dir='ltr'>HAEC</span> <span class='ocrx_word' id='word_1_222' title='bbox 763 2188 838 2215; x_wconf 87' lang='lat' dir='ltr'><strong>EST</strong></span> <span class='ocrx_word' id='word_1_223' title='bbox 872 2187 1012 2215; x_wconf 84' lang='lat' dir='ltr'>AETAS</span> <span class='ocrx_word' id='word_1_224' title='bbox 1045 2186 1426 2215; x_wconf 78' lang='lat' dir='ltr'>ADULESCENTULIS</span> <span class='ocrx_word' id='word_1_225' title='bbox 1457 2183 1587 2222; x_wconf 89' lang='lat' dir='ltr'><strong>supra</strong></span> <span class='ocrx_word' id='word_1_226' title='bbox 1620 2173 1662 2210; x_wconf 92' lang='lat' dir='ltr'><strong>in</strong></span> <span class='ocrx_word' id='word_1_227' title='bbox 1690 2181 1919 2220; x_wconf 87' lang='lat' dir='ltr'><strong>personam</strong></span> 
     </span>
     <span class='ocr_line' id='line_1_36' title="bbox 305 2246 1924 2301; baseline -0.004 -10"><span class='ocrx_word' id='word_1_228' title='bbox 305 2261 457 2290; x_wconf 87' lang='lat' dir='ltr'><strong>socrus</strong></span> <span class='ocrx_word' id='word_1_229' title='bbox 500 2252 673 2301; x_wconf 86' lang='lat' dir='ltr'><strong>culpam</strong></span> <span class='ocrx_word' id='word_1_230' title='bbox 716 2253 855 2291; x_wconf 88' lang='lat' dir='ltr'><strong>iratus</strong></span> <span class='ocrx_word' id='word_1_231' title='bbox 889 2252 1136 2291; x_wconf 88' lang='lat' dir='ltr'><strong>contulerat</strong></span> <span class='ocrx_word' id='word_1_232' title='bbox 1170 2251 1424 2298; x_wconf 88' lang='lat' dir='ltr'><strong>discordiae,</strong></span> <span class='ocrx_word' id='word_1_233' title='bbox 1460 2259 1575 2288; x_wconf 89' lang='lat' dir='ltr'><strong>nunc</strong></span> <span class='ocrx_word' id='word_1_234' title='bbox 1608 2251 1650 2286; x_wconf 85' lang='lat' dir='ltr'><strong>et</strong></span> <span class='ocrx_word' id='word_1_235' title='bbox 1682 2248 1806 2286; x_wconf 83' lang='lat' dir='ltr'><strong>uxori</strong></span> <span class='ocrx_word' id='word_1_236' title='bbox 1839 2246 1924 2295; x_wconf 85' lang='lat' dir='ltr'><strong>pla-</strong></span> 
     </span>
    </p>
   </div>
   <div class='ocr_carea' id='block_1_18' title="bbox 288 2322 1923 2377">
    <p class='ocr_par' dir='ltr' id='par_1_18' title="bbox 288 2322 1923 2377">
     <span class='ocr_line' id='line_1_37' title="bbox 288 2322 1923 2377; baseline -0.006 -8"><span class='ocrx_word' id='word_1_237' title='bbox 288 2328 434 2369; x_wconf 86' lang='lat' dir='ltr'><strong>.catus</strong></span> <span class='ocrx_word' id='word_1_238' title='bbox 476 2329 518 2366; x_wconf 93' lang='lat' dir='ltr'><strong>et</strong></span> <span class='ocrx_word' id='word_1_239' title='bbox 560 2328 688 2367; x_wconf 89' lang='lat' dir='ltr'><strong>nurui</strong></span> <span class='ocrx_word' id='word_1_240' title='bbox 731 2338 916 2377; x_wconf 89' lang='lat' dir='ltr'><strong>parcens</strong></span> <span class='ocrx_word' id='word_1_241' title='bbox 960 2327 1159 2366; x_wconf 89' lang='lat' dir='ltr'><strong>odiorum</strong></span> <span class='ocrx_word' id='word_1_242' title='bbox 1195 2337 1375 2365; x_wconf 84' lang='lat' dir='ltr'><strong>causam</strong></span> <span class='ocrx_word' id='word_1_243' title='bbox 1410 2336 1434 2364; x_wconf 87' lang='lat' dir='ltr'><strong>a</strong></span> <span class='ocrx_word' id='word_1_244' title='bbox 1466 2324 1666 2373; x_wconf 86' lang='lat' dir='ltr'><strong>personis</strong></span> <span class='ocrx_word' id='word_1_245' title='bbox 1697 2322 1923 2362; x_wconf 87' lang='lat' dir='ltr'><strong>transtulit</strong></span> 
     </span>
    </p>
   </div>
   <div class='ocr_carea' id='block_1_19' title="bbox 305 2397 1922 3054">
    <p class='ocr_par' dir='ltr' id='par_1_19' title="bbox 305 2397 1922 2602">
     <span class='ocr_line' id='line_1_38' title="bbox 305 2397 1922 2452; baseline -0.004 -12"><span class='ocrx_word' id='word_1_246' title='bbox 305 2402 357 2440; x_wconf 89' lang='lat' dir='ltr'><strong>ad</strong></span> <span class='ocrx_word' id='word_1_247' title='bbox 398 2404 579 2452; x_wconf 86' lang='lat' dir='ltr'><strong>aetates,</strong></span> <span class='ocrx_word' id='word_1_248' title='bbox 624 2404 699 2442; x_wconf 90' lang='lat' dir='ltr'><strong>sed</strong></span> <span class='ocrx_word' id='word_1_249' title='bbox 738 2404 800 2442; x_wconf 90' lang='lat' dir='ltr'><strong>ita</strong></span> <span class='ocrx_word' id='word_1_250' title='bbox 843 2405 1006 2451; x_wconf 91' lang='lat' dir='ltr'><strong>tamen,</strong></span> <span class='ocrx_word' id='word_1_251' title='bbox 1051 2404 1099 2441; x_wconf 86' lang='lat' dir='ltr'><strong>ut</strong></span> <span class='ocrx_word' id='word_1_252' title='bbox 1140 2403 1284 2450; x_wconf 86' lang='lat' dir='ltr'><strong>magis</strong></span> <span class='ocrx_word' id='word_1_253' title='bbox 1316 2402 1509 2440; x_wconf 88' lang='lat' dir='ltr'><strong>iuniores</strong></span> <span class='ocrx_word' id='word_1_254' title='bbox 1542 2400 1766 2438; x_wconf 82' lang='lat' dir='ltr'><strong>accusaret</strong></span> <span class='ocrx_word' id='word_1_255' title='bbox 1799 2399 1841 2435; x_wconf 91' lang='lat' dir='ltr'><strong>et</strong></span> <span class='ocrx_word' id='word_1_256' title='bbox 1872 2397 1922 2434; x_wconf 93' lang='lat' dir='ltr'><strong>de</strong></span> 
     </span>
     <span class='ocr_line' id='line_1_39' title="bbox 311 2476 1921 2526; baseline -0.005 -9"><span class='ocrx_word' id='word_1_257' title='bbox 311 2478 664 2517; x_wconf 87' lang='lat' dir='ltr'><strong>adulescentibus</strong></span> <span class='ocrx_word' id='word_1_258' title='bbox 714 2481 896 2526; x_wconf 85' lang='lat' dir='ltr'><strong>questus</strong></span> <span class='ocrx_word' id='word_1_259' title='bbox 939 2479 1325 2517; x_wconf 85' lang='lat' dir='ltr'><strong>commiseraretur</strong></span> <span class='ocrx_word' id='word_1_260' title='bbox 1367 2486 1508 2515; x_wconf 82' lang='lat' dir='ltr'><strong>senes.</strong></span> <span class='ocrx_word' id='word_1_261' title='bbox 1554 2476 1578 2513; x_wconf 93' lang='grc'>2</span> <span class='ocrx_word' id='word_1_262' title='bbox 1621 2484 1773 2512; x_wconf 80' lang='lat' dir='ltr'>ODIOSA</span> <span class='ocrx_word' id='word_1_263' title='bbox 1806 2482 1921 2510; x_wconf 82' lang='lat' dir='ltr'>HAEC</span> 
     </span>
     <span class='ocr_line' id='line_1_40' title="bbox 311 2553 1420 2602; baseline -0.001 -11"><span class='ocrx_word' id='word_1_264' title='bbox 311 2564 385 2591; x_wconf 91' lang='lat' dir='ltr'><strong>EST</strong></span> <span class='ocrx_word' id='word_1_265' title='bbox 418 2564 558 2592; x_wconf 84' lang='lat' dir='ltr'>AETAS</span> <span class='ocrx_word' id='word_1_266' title='bbox 590 2554 670 2593; x_wconf 87' lang='lat' dir='ltr'><strong>hoc</strong></span> <span class='ocrx_word' id='word_1_267' title='bbox 703 2564 802 2593; x_wconf 89' lang='lat' dir='ltr'><strong>cum</strong></span> <span class='ocrx_word' id='word_1_268' title='bbox 836 2554 1001 2602; x_wconf 89' lang='lat' dir='ltr'><strong>gemitu</strong></span> <span class='ocrx_word' id='word_1_269' title='bbox 1034 2553 1420 2602; x_wconf 87' lang='lat' dir='ltr'><strong>pronuntiandum.</strong></span> 
     </span>
    </p>

    <p class='ocr_par' dir='ltr' id='par_1_20' title="bbox 311 2624 1921 2894">
     <span class='ocr_line' id='line_1_41' title="bbox 372 2624 1921 2674; baseline -0.005 -8"><span class='ocrx_word' id='word_1_270' title='bbox 372 2631 390 2666; x_wconf 87' lang='lat'>1</span> <span class='ocrx_word' id='word_1_271' title='bbox 438 2640 462 2667; x_wconf 88' lang='lat' dir='ltr'>E</span> <span class='ocrx_word' id='word_1_272' title='bbox 504 2640 640 2669; x_wconf 84' lang='lat' dir='ltr'><strong>MEmo</strong></span> <span class='ocrx_word' id='word_1_273' title='bbox 684 2639 866 2674; x_wconf 82' lang='lat' dir='ltr'>AEQUUM</span> <span class='ocrx_word' id='word_1_274' title='bbox 907 2639 1129 2667; x_wconf 76' lang='lat' dir='ltr'>EXCEDERE</span> <span class='ocrx_word' id='word_1_275' title='bbox 1173 2639 1247 2666; x_wconf 88' lang='lat' dir='ltr'><strong>EST</strong></span> <span class='ocrx_word' id='word_1_276' title='bbox 1291 2630 1440 2666; x_wconf 90' lang='lat' dir='ltr'><strong>utrum</strong></span> <span class='ocrx_word' id='word_1_277' title='bbox 1484 2636 1548 2664; x_wconf 91' lang='lat' dir='ltr'><strong>ex</strong></span> <span class='ocrx_word' id='word_1_278' title='bbox 1581 2624 1710 2663; x_wconf 91' lang='lat' dir='ltr'><strong>urbe</strong></span> <span class='ocrx_word' id='word_1_279' title='bbox 1744 2632 1836 2661; x_wconf 91' lang='lat' dir='ltr'><strong>rus</strong></span> <span class='ocrx_word' id='word_1_280' title='bbox 1867 2631 1921 2660; x_wconf 87' lang='lat' dir='ltr'><strong>an</strong></span> 
     </span>
     <span class='ocr_line' id='line_1_42' title="bbox 313 2697 1921 2750; baseline -0.006 -7"><span class='ocrx_word' id='word_1_281' title='bbox 313 2715 368 2743; x_wconf 88' lang='lat' dir='ltr'><strong>ex</strong></span> <span class='ocrx_word' id='word_1_282' title='bbox 408 2705 529 2743; x_wconf 84' lang='lat' dir='ltr'><strong>vita</strong></span> <span class='ocrx_word' id='word_1_283' title='bbox 571 2706 622 2743; x_wconf 90' lang='lat' dir='ltr'><strong>in</strong></span> <span class='ocrx_word' id='word_1_284' title='bbox 656 2706 925 2743; x_wconf 83' lang='lat' dir='ltr'><strong>mortem?</strong></span> <span class='ocrx_word' id='word_1_285' title='bbox 960 2705 983 2742; x_wconf 90' lang='grc'>2</span> <span class='ocrx_word' id='word_1_286' title='bbox 1018 2705 1070 2742; x_wconf 89' lang='lat' dir='ltr'><strong>Et</strong></span> <span class='ocrx_word' id='word_1_287' title='bbox 1102 2704 1213 2743; x_wconf 84' lang='lat' dir='ltr'><strong>satis</strong></span> <span class='ocrx_word' id='word_1_288' title='bbox 1247 2703 1486 2750; x_wconf 85' lang='lat' dir='ltr'><strong>moraliter,</strong></span> <span class='ocrx_word' id='word_1_289' title='bbox 1524 2700 1709 2739; x_wconf 88' lang='lat' dir='ltr'><strong>namin</strong></span> <span class='ocrx_word' id='word_1_290' title='bbox 1744 2697 1921 2736; x_wconf 90' lang='lat' dir='ltr'><strong>medio</strong></span> 
     </span>
     <span class='ocr_line' id='line_1_43' title="bbox 311 2774 1919 2828; baseline -0.004 -11"><span class='ocrx_word' id='word_1_291' title='bbox 311 2782 464 2819; x_wconf 87' lang='lat' dir='ltr'><strong>stare</strong></span> <span class='ocrx_word' id='word_1_292' title='bbox 511 2781 670 2819; x_wconf 84' lang='lat' dir='ltr'><strong>dicitur</strong></span> <span class='ocrx_word' id='word_1_293' title='bbox 712 2790 1011 2828; x_wconf 87' lang='lat' dir='ltr'><strong>supervacuus</strong></span> <span class='ocrx_word' id='word_1_294' title='bbox 1057 2780 1124 2818; x_wconf 89' lang='lat' dir='ltr'><strong>vel</strong></span> <span class='ocrx_word' id='word_1_295' title='bbox 1169 2779 1398 2818; x_wconf 75' lang='lat' dir='ltr'><strong>molestus..</strong></span> <span class='ocrx_word' id='word_1_296' title='bbox 1442 2778 1466 2815; x_wconf 88' lang='lat'><strong>3</strong></span> <span class='ocrx_word' id='word_1_297' title='bbox 1510 2777 1562 2814; x_wconf 92' lang='lat' dir='ltr'><strong>Et</strong></span> <span class='ocrx_word' id='word_1_298' title='bbox 1594 2776 1672 2813; x_wconf 86' lang='lat' dir='ltr'><strong>hoc</strong></span> <span class='ocrx_word' id='word_1_299' title='bbox 1706 2784 1801 2812; x_wconf 89' lang='lat' dir='ltr'><strong>cum</strong></span> <span class='ocrx_word' id='word_1_300' title='bbox 1838 2774 1919 2810; x_wconf 87' lang='lat' dir='ltr'><strong>sto-</strong></span> 
     </span>
     <span class='ocr_line' id='line_1_44' title="bbox 312 2855 789 2894; baseline -0.002 -1"><span class='ocrx_word' id='word_1_301' title='bbox 312 2855 468 2894; x_wconf 88' lang='lat' dir='ltr'><strong>macho</strong></span> <span class='ocrx_word' id='word_1_302' title='bbox 501 2855 614 2894; x_wconf 85' lang='lat' dir='ltr'><strong>dixit</strong></span> <span class='ocrx_word' id='word_1_303' title='bbox 647 2855 789 2894; x_wconf 78' lang='lat' dir='ltr'><strong>senili,</strong></span> 
     </span>
    </p>

    <p class='ocr_par' dir='ltr' id='par_1_21' title="bbox 310 2925 1922 3054">
     <span class='ocr_line' id='line_1_45' title="bbox 314 2925 1922 2976; baseline -0.005 -8"><span class='ocrx_word' id='word_1_304' title='bbox 314 2932 332 2968; x_wconf 94' lang='grc'><strong>1</strong></span> <span class='ocrx_word' id='word_1_305' title='bbox 379 2941 517 2969; x_wconf 83' lang='lat' dir='ltr'>SENEx</span> <span class='ocrx_word' id='word_1_306' title='bbox 560 2941 703 2976; x_wconf 83' lang='lat' dir='ltr'>ATQUE</span> <span class='ocrx_word' id='word_1_307' title='bbox 746 2941 863 2968; x_wconf 75' lang='lat' dir='ltr'><strong>ANth</strong></span> <span class='ocrx_word' id='word_1_308' title='bbox 906 2931 1013 2969; x_wconf 89' lang='lat' dir='ltr'><strong>haec</strong></span> <span class='ocrx_word' id='word_1_309' title='bbox 1057 2930 1141 2969; x_wconf 90' lang='lat' dir='ltr'><strong>duo</strong></span> <span class='ocrx_word' id='word_1_310' title='bbox 1183 2930 1364 2969; x_wconf 89' lang='lat' dir='ltr'><strong>nomina</strong></span> <span class='ocrx_word' id='word_1_311' title='bbox 1406 2930 1454 2966; x_wconf 92' lang='lat' dir='ltr'><strong>ut</strong></span> <span class='ocrx_word' id='word_1_312' title='bbox 1486 2926 1627 2975; x_wconf 80' lang='lat' dir='ltr'><strong>posita</strong></span> <span class='ocrx_word' id='word_1_313' title='bbox 1658 2925 1761 2962; x_wconf 89' lang='lat' dir='ltr'><strong>sunt</strong></span> <span class='ocrx_word' id='word_1_314' title='bbox 1793 2925 1922 2971; x_wconf 86' lang='lat' dir='ltr'><strong>caput</strong></span> 
     </span>
     <span class='ocr_line' id='line_1_46' title="bbox 310 3004 1479 3054; baseline -0.001 -10"><span class='ocrx_word' id='word_1_315' title='bbox 310 3006 504 3045; x_wconf 85' lang='lat' dir='ltr'><strong>indicant</strong></span> <span class='ocrx_word' id='word_1_316' title='bbox 537 3009 580 3044; x_wconf 90' lang='lat' dir='ltr'><strong>et</strong></span> <span class='ocrx_word' id='word_1_317' title='bbox 611 3007 903 3054; x_wconf 86' lang='lat' dir='ltr'><strong>inceptionem</strong></span> <span class='ocrx_word' id='word_1_318' title='bbox 936 3005 1187 3044; x_wconf 90' lang='lat' dir='ltr'><strong>huiusmodi</strong></span> <span class='ocrx_word' id='word_1_319' title='bbox 1218 3004 1479 3044; x_wconf 84' lang='lat' dir='ltr'><strong>fabularum.</strong></span> 
     </span>
    </p>
   </div>
  </div>
 </body>
</html>
