2242 3443
182 627 259 663 413

184 853 260 890 415

187 1234 263 1270 418

187 1585 263 1624 417

188 1739 265 1776 418

189 1962 267 2000 419

193 2344 270 2381 422
286 2369 290 2376 .

195 2566 271 2603 423

1038 208 1091 244 53

329 339 416 367 non
443 330 640 367 desinere
668 329 841 378 culpam
871 330 1077 368 Aeschini
1105 331 1147 368 in
1176 331 1401 370 Micionem
1434 334 1643 381 conferre,
1672 345 1769 372 curn
1799 346 1820 373 e
1849 345 1940 373 con-

331 405 466 442 trario
495 408 825 453 praeceptorum
860 416 1040 444 suorum
1069 406 1164 444 vult
1192 417 1288 445 esse
1315 409 1423 455 quod
1455 410 1569 457 sapit
1597 408 1813 458 Ctesipho.
1844 411 1868 448 2
1896 410 1944 448 Ec

328 482 517 510 rsroatm
549 482 659 520 quae
702 473 809 511 dicis
843 473 1011 511 scilicet
1042 474 1158 514 (410)
1195 474 1292 513 ‘non
1327 478 1371 512 tu
1407 476 1487 514 hoc
1520 479 1751 524 argentum
1786 478 1942 525 perdis'

330 550 411 586 etc.
445 548 470 586 3
504 558 580 586 PH1
613 548 859 587 interiectio
894 552 960 587 est
995 550 1213 588 mirantis.

391 626 409 661 1
446 634 552 662 nom
584 634 753 663 HABUIT
785 634 902 663 UNDE
936 634 1140 663 Discrfflnr
1174 625 1215 663 id
1249 629 1315 663 est
1349 628 1403 664 te.
1441 627 1464 664 2
1497 637 1566 664 Frr
1600 637 1763 665 sanc-Lo
1794 625 1942 675 ἠθικῶς

331 699 495 737 dictum
539 703 607 738 est
650 698 740 747 ‘fit’,
787 701 811 738 3
856 702 898 738 et
935 710 1099 738 SEDULO
1134 701 1228 738 sine
1262 701 1372 748 dolo,
1408 701 1449 739 id
1482 710 1548 740 est
1579 703 1809 750 instanter,
1845 703 1943 750 quia

330 774 613 823 neglegentes
645 776 827 814 dolosi
861 776 1077 814 dicuntur.

389 860 613 890 rusprcnm:
648 862 865 897 TAMQUAM
897 862 940 890 [N
975 862 1202 890 SPECULUM
1236 863 1363 890 vri-As
1396 863 1605 892 HOMmUM
1639 864 1767 892 russo
1801 855 1942 892 viden-

330 926 448 974 dum,
493 936 547 964 an
588 929 706 965 rect-e
751 927 1003 976 ‘speculum’
1049 928 1285 973 induxerit,
1329 938 1430 967 cum
1474 928 1641 967 alienas
1686 931 1801 968 vitas
1843 930 1947 968 dicit

331 1002 626 1051 inspiciendas
659 1013 774 1050 esse;
808 1004 892 1042 nisi
924 1004 1038 1042 forte
1070 1005 1151 1042 hoc
1184 1004 1236 1042 ad
1265 1013 1446 1042 causam
1476 1004 1739 1044 admovendi
1764 1005 1944 1054 speculi,

331 1087 416 1116 non
444 1078 497 1116 ad
519 1077 724 1117 effectum
742 1079 996 1127 referemus,
1016 1090 1120 1118 nam
1145 1090 1313 1118 causa
1335 1080 1595 1129 inspiciendi
1621 1081 1786 1130 speculi
1805 1091 1944 1120 emen·

333 1154 453 1196 datio
489 1157 557 1194 est
591 1155 753 1204 vultus,
789 1156 1040 1195 effectus
1073 1157 1241 1195 formae
1274 1166 1350 1204 per
1383 1156 1623 1204 imaginem
1656 1157 1899 1196 resultatio

396 1233 415 1270 1
461 1242 546 1270 Hoc
586 1242 722 1270 LAUDI
764 1242 840 1270 Esr
882 1235 925 1272 et
956 1243 1042 1272 Hoc
1073 1243 1189 1271 vmro
1221 1241 1371 1271 DATUR
1402 1242 1489 1270 non
1522 1232 1839 1282 philosophice,
1873 1233 1948 1272 sed

332 1306 520 1346 civiliter
561 1312 724 1356 monet,
759 1310 812 1350 (a)
857 1308 880 1346 2
924 1318 1027 1357 ergo
1069 1311 1119 1347 ut
1156 1308 1363 1348 idioticus
1395 1309 1437 1346 et
1469 1308 1664 1347 comicus
1695 1311 1829 1357 pater,
1863 1318 1948 1347 non

333 1384 383 1422 ut
413 1384 590 1433 sapiens
623 1386 665 1422 et
698 1386 964 1433 praeceptor.

509 1459 528 1494 1
560 1469 583 1494 a
612 1458 715 1495 *non
744 1460 851 1495 enim
881 1460 982 1495 dixit
1011 1459 1099 1496 ‘hoc
1126 1460 1278 1496 bonum
1306 1460 1384 1496 est’
1413 1461 1483 1495 sed
1513 1459 1601 1495 ‘hoc
1629 1459 1735 1496 laudi
1766 1459 1856 1503 est’,
1878 1468 1951 1494 nec

455 1511 543 1548 ‘hoc
570 1513 722 1549 malum
752 1514 828 1550 est’
863 1515 932 1550 sed
961 1514 1048 1550 ‘hoc
1076 1514 1175 1550 vitio
1205 1515 1350 1550 datur’.

398 1585 417 1622 1
443 1594 628 1624 GALLrnE
655 1585 903 1624 callidus
932 1586 1078 1624 dictus
1095 1587 1163 1624 est
1180 1585 1318 1624 etiam
1336 1586 1409 1632 qui
1427 1587 1604 1623 exercet
1622 1584 1757 1623 dolos.
1789 1584 1813 1622 2
1842 1582 1950 1623 Cal·

335 1658 487 1699 lidus
519 1661 690 1709 dicitur,
725 1662 796 1709 qui
830 1661 1039 1700 callum
1075 1661 1158 1700 sibi
1196 1671 1278 1700 usu
1311 1662 1418 1700 artis
1450 1661 1674 1699 induxerit
1698 1656 1738 1704 ¹).

394 1736 420 1774 3
447 1747 599 1776 1srAEc
625 1747 703 1776 RES
731 1748 806 1776 EST
837 1747 924 1776 non
952 1748 1082 1786 quam
1112 1747 1206 1776 rem
1235 1738 1347 1785 gerit
1381 1736 1519 1785 Micio,
1554 1738 1606 1776 (a)
1639 1738 1683 1774 et
1715 1734 1951 1784 significat:

337 1811 419 1852 hoc
451 1822 603 1852 verum
638 1816 717 1862 est,
752 1814 834 1852 hoc
865 1813 975 1852 utile
1008 1815 1090 1852 est.
1680 1800 1686 1807 ”

508 1887 531 1924 3
559 1898 584 1923 α
613 1897 692 1924 non
723 1888 829 1924 enim
859 1888 999 1923 utilem
1029 1888 1125 1932 agit.

397 1961 415 1997 1
451 1968 588 1998 PoRRo
620 1970 771 2000 AUTEM
804 1970 936 2009 prope
969 1959 1179 1998 delinitus
1212 1961 1305 1998 erat
1330 1958 1493 1997 Demea
1520 1959 1672 1995 contra
1697 1955 1952 1993 institutum

335 2036 601 2084 argumenti,
644 2034 878 2075 artificiose
921 2036 1055 2084 igitur
1095 2038 1225 2084 poeta
1265 2034 1452 2073 subiecit
1494 2044 1549 2072 ex
1591 2041 1780 2081 persona
1823 2030 1952 2077 servi,

340 2112 453 2150 unde
493 2111 619 2151 illum
663 2113 716 2151 ad
759 2112 1099 2151 amaritudinem
1144 2112 1366 2160 provocet.
1406 2110 1429 2147 2
1464 2109 1513 2147 Et
1546 2117 1710 2157 porro
1745 2108 1953 2152 autem,

339 2190 415 2237 at,
450 2198 580 2228 vero
613 2191 657 2227 et
688 2189 939 2227 huiusmodi
971 2188 1186 2237 principia
1217 2189 1323 2226 sunt
1354 2186 1672 2232 narrat-ionum,
1707 2181 1862 2230 quibus
1889 2190 1955 2218 su-

339 2265 512 2313 periora
542 2264 831 2313 sequentibus
865 2266 1168 2304 conectuntur.

402 2342 423 2379 1
456 2351 553 2380 ΝΛΜ
585 2352 630 2379 ID
662 2351 788 2379 NOBIS
820 2351 911 2379 TAM
943 2350 1188 2379 FLAGITIUM
1215 2350 1291 2378 EST
1319 2349 1406 2377 non
1432 2339 1546 2377 dixit
1573 2335 1836 2385 ‘peccatum’
1864 2331 1954 2370 irri-

343 2417 449 2455 dens
481 2427 648 2466 senem,
683 2417 760 2456 sed
793 2416 1051 2465 ‘flagitium'.

517 2490 541 2526 2
567 2491 617 2526 Et
643 2491 735 2535 quid
765 2493 829 2527 est
859 2490 1113 2534 ‘'flagitium’‘r‘
1143 2489 1347 2533 corrumpi
1376 2488 1507 2533 pisces
1532 2486 1593 2522 vel
1624 2484 1731 2521 talia.

399 2573 513 2608 QUOD
545 2572 654 2608 Quno
687 2563 800 2611 quod
833 2572 1030 2612 possum,
1064 2562 1141 2600 sed
1173 2562 1237 2600 sic
1269 2560 1427 2598 maluit
1459 2559 1616 2605 dicere,
1643 2558 1705 2604 ut,
1733 2553 1957 2601 <cum>

342 2638 601 2678 illudentem
643 2639 695 2678 de
737 2649 819 2677 sua
861 2640 954 2677 arte
994 2637 1174 2677 fecisset
1215 2636 1390 2684 Syrum,
1433 2637 1475 2673 et
1518 2634 1599 2672 hac
1630 2643 1676 2671 re
1708 2630 1960 2670 ostenderet

341 2714 450 2753 nihil
482 2713 534 2753 ab
567 2714 642 2753 illo
674 2714 759 2753 dici
789 2714 925 2761 serio;
960 2713 1086 2761 ‘quod
1119 2713 1242 2760 queo’
1277 2712 1395 2750 enim
1431 2721 1456 2749 a
1488 2708 1709 2756 coquendo
1737 2705 1958 2753 παρόμοιον

343 2791 557 2839 sumpsit;
605 2791 668 2829 sic
715 2792 758 2829 et
803 2789 918 2828 infra
953 2789 1069 2829 (427)
1107 2787 1273 2827 ‘sedulo
1310 2774 1480 2833 meneo,
1519 2794 1629 2832 quae
1667 2791 1845 2831 possum
1883 2789 1959 2828 pro

346 2876 446 2904 mea
493 2862 810 2914 sapientia’‚
854 2868 897 2904 et
938 2863 1161 2903 Ciceronis
1199 2863 1364 2902 dictum
1411 2861 1597 2899 refertur
1637 2859 1680 2896 in
1724 2866 1842 2902 eum,
1886 2855 1957 2902 qui

344 2942 469 2990 coqui
510 2940 626 2980 filius
667 2951 820 2981 secum
861 2950 1019 2980 causas
1054 2939 1212 2988 agebat
1246 2938 1306 2977 ‘tu
1342 2946 1511 2985 quoque
1544 2935 1699 2974 aderas
1731 2931 1831 2970 huic
1863 2939 1956 2968 cau-

247 3093 272 3136 ¹)
298 3093 353 3129 De
377 3094 437 3130 his
462 3094 617 3130 scholiis
641 3094 726 3129 vide
751 3093 837 3128 adn.
863 3093 909 3127 ad
933 3092 970 3127 h.
994 3092 1018 3126 l.
