2242 3443
936 219 1017 257 257

99 342 177 379 596
259 342 282 377 2
310 340 355 376 cf.
385 341 628 385 interpretes
657 342 704 376 ad
733 341 772 376 h.
796 341 820 377 l.
903 341 926 376 4
950 341 1067 378 iuxta
1091 343 1189 378 Don.
1220 342 1255 387 5,
1286 343 1398 378 Serv.
1424 343 1524 379 Aen.
1556 343 1590 378 5.
1618 343 1706 386 600,
1724 344 1758 378 9.
1782 343 1851 379 188

100 403 174 440 597
261 402 562 446 ‘productiones
592 403 744 438 comici’
775 402 864 438 459.
894 403 929 447 3,
960 403 1051 438 684.
1081 404 1116 439 3.

99 463 176 500 598
258 463 281 499 2
327 463 491 498 tametsi
534 463 765 508 exemplum
807 463 990 509 Hecyrae
1034 464 1169 499 minus
1213 466 1354 509 placet,
1397 467 1533 501 tamen
1574 466 1730 502 Donato
1765 467 1865 510 dedi,

205 524 348 561 collato
377 525 515 561 Servio
545 525 591 560 ad
620 526 720 561 Aen.
746 525 780 560 2.
811 524 897 560 707.
984 525 1006 560 5
1035 525 1081 561 cf.
1111 526 1210 561 Don.
1241 526 1263 561 7
1294 527 1334 561 et
1365 526 1400 565 6,
1430 527 1550 570 praef.
1582 538 1617 571 p.
1655 538 1709 562 xi.

98 587 176 623 599
256 587 279 623 3
307 587 502 631 argutiae,
531 586 676 630 quibus
709 585 928 622 scholiasta
952 586 1180 623 aemulatur
1205 587 1350 622 Donati
1378 588 1681 624 adnotationem
1705 591 1751 625 ad
1778 590 1863 625 347.

208 649 241 684 1.
272 647 318 683 cf.
349 648 496 692 Speng.

98 709 176 745 600
257 708 281 745 3
320 707 604 753 ‘proficisci
640 708 747 744 enim
785 710 825 744 in
864 718 950 744 rem
986 718 1150 752 aegram
1189 711 1229 744 et
1263 709 1461 745 difficilem
1502 710 1684 746 dicimus'
1713 712 1758 747 cf.
1790 712 1863 748 534

204 767 427 806 ‘adierunt.
447 797 454 805 .
477 798 485 806 .
516 771 609 814 quia
632 770 765 806 aditus
790 770 968 815 arduus',
991 770 1084 806 609:
1111 771 1416 806 ‘committimus
1443 771 1562 817 enim,
1590 782 1691 815 quae
1718 782 1862 817 magno

203 841 293 867 cum
336 831 510 876 periculo
549 832 738 867 volumus
776 841 868 867 esse
906 832 1094 867 servata'.
1141 832 1228 868 611.
1269 832 1292 867 2
1328 832 1432 868 ‘cum
1462 833 1546 868 vita
1574 833 1748 869 hominis
1780 837 1861 870 tam

202 893 323 929 variis
365 893 583 937 multisque
623 893 809 937 periculis
849 893 901 928 sit
939 893 1143 930 conferta’.
1182 893 1269 928 656.
1311 893 1334 928 2
1384 895 1672 938 ‘apparari
1703 905 1863 940 semper

202 955 355 992 cladem
385 956 424 992 et
453 954 669 999 perniciem
700 955 912 999 significat!
944 954 1004 996 (cf.
1032 954 1119 990 690.
1146 955 1195 999 2),
1219 955 1374 998 aliaque
1399 955 1520 991 huius
1547 957 1717 1001 generis,
1739 957 1862 993 veluti

206 1017 289 1054 127.
329 1017 364 1063 3,
406 1017 491 1053 695.
533 1016 568 1057 3,
608 1016 694 1052 707.
734 1017 758 1052 4
795 1019 885 1061 etc.,
923 1017 1095 1053 libenter
1131 1017 1280 1052 addidit
1318 1017 1595 1063 interpolator,
1625 1020 1669 1053 ut
1699 1019 1861 1054 scholiis

202 1079 288 1115 suis
332 1080 484 1123 tragico
526 1079 606 1114 fere
641 1078 784 1114 talium
820 1078 1079 1115 flosculorum
1118 1078 1248 1114 colore
1277 1079 1422 1122 aliquid
1453 1079 1639 1123 ponderis
1678 1080 1859 1125 adiceret,

202 1141 307 1184 quod
345 1143 516 1185 augetur
551 1141 673 1176 etiam
713 1141 846 1176 addito
880 1141 1066 1185 ‘semper'
1106 1142 1152 1176 ut
1190 1141 1264 1176 656
1304 1142 1343 1176 et
1380 1141 1466 1177 667.
1512 1142 1547 1177 2.
1586 1142 1693 1177 Haec
1727 1144 1860 1178 omnia

202 1204 339 1238 autem
371 1202 472 1238 falsa
499 1205 570 1238 aut
594 1202 707 1238 valde
736 1204 984 1246 exaggerata
1011 1212 1102 1239 esse
1132 1212 1250 1238 nemo
1280 1212 1360 1238 non
1391 1203 1528 1238 sentit.

96 1263 172 1300 601
259 1265 278 1301 1
310 1263 359 1300 cf.
389 1264 488 1300 Don.
519 1264 608 1301 602.
643 1265 676 1300 1.

95 1325 172 1361 602
255 1326 279 1361 2
308 1327 353 1361 ut
381 1326 458 1362 603
489 1326 508 1362 1
535 1327 769 1363 ‘non—sed'
798 1326 888 1362 vide
918 1327 967 1362 ad
996 1336 1033 1362 v.
1067 1326 1140 1362 132
1169 1327 1209 1362 et
1238 1327 1315 1361 Mn.
1343 1326 1404 1362 32.
1437 1326 1524 1362 223.

94 1386 173 1423 604
253 1397 277 1422 α
307 1388 427 1423 nimis
451 1387 648 1432 ineptum.
731 1389 808 1425 606
841 1389 859 1423 1
890 1388 936 1424 cf.
966 1388 1053 1424 642.
1087 1388 1120 1423 1.
1205 1387 1229 1422 2
1256 1388 1332 1423 Mn.
1364 1387 1425 1423 32.
1458 1388 1544 1423 291.

93 1448 169 1484 607
254 1448 317 1484 5η
355 1450 552 1486 emblema
589 1447 750 1488 notavit
787 1450 950 1485 Wessn.
980 1449 1167 1485 Ceterum
1201 1449 1325 1485 etiam
1354 1449 1492 1485 dubito
1521 1450 1568 1485 de
1596 1450 1729 1485 verbis
1756 1459 1857 1493 quae

201 1512 427 1555 sequuntur
455 1513 562 1547 ‘nam
591 1512 694 1556 quia'
723 1514 812 1557 etc.,
840 1522 942 1556 quae
971 1512 1123 1556 figurae
1151 1511 1460 1556 explicationem
1490 1512 1700 1547 continent
1721 1521 1857 1555 super-

200 1582 418 1610 vacaneam
447 1573 684 1618 qualemque
711 1574 896 1610 Donatus
925 1583 1088 1619 semper
1116 1574 1284 1619 sprevit.

94 1633 171 1670 608
257 1635 276 1670 1
306 1635 352 1672 cf.
382 1635 443 1671 30.
474 1635 510 1672 5.

93 1695 172 1732 609
253 1697 278 1733 2
314 1697 411 1734 Pho.
449 1698 536 1734 746.
569 1698 603 1734 2.
713 1698 814 1734 Vide
852 1707 977 1742 supra
1010 1698 1058 1733 ad
1095 1697 1183 1733 600.
1214 1696 1236 1733 3
1248 1707 1257 1740 ;
1288 1696 1560 1732 definitionem
1589 1697 1731 1733 falsam
1763 1706 1854 1732 esse

201 1759 420 1796 ostendunt
448 1760 524 1796 An.
555 1760 642 1797 230.
673 1760 761 1797 241.
791 1760 937 1796 Heaut.
968 1759 1055 1796 714.
1084 1759 1179 1795 Hec.
1210 1759 1298 1795 212.

91 1820 169 1856 610
251 1821 314 1857 2α
352 1823 511 1858 notavit
546 1822 754 1858 Wessner.
782 1822 986 1858 Donatum
1015 1822 1325 1866 argumenta
1352 1820 1539 1856 Plautina
1567 1820 1660 1856 huic
1688 1820 1763 1865 ipsi
1792 1821 1853 1856 ad-

198 1881 384 1927 signasse
413 1884 481 1918 vix
510 1885 639 1921 credo.

90 1943 165 1979 611
184 1940 211 1986 1)
267 1944 291 1980 2
319 1954 441 1989 supra
468 1946 517 1982 ad
547 1946 634 1982 600.
665 1946 688 1982 3
717 1947 794 1982 Mn.
825 1945 887 1982 32.
917 1945 1003 1982 328.
1088 1944 1152 1981 3α
1179 1943 1338 1980 notavit
1368 1943 1527 1979 Wessn.
1557 1943 1603 1979 cf.
1632 1943 1730 1979 Don.
1765 1944 1796 1978 1.

89 2006 167 2041 612
252 2006 270 2041 1
300 2007 472 2043 absurde
499 2007 604 2044 filius
634 2002 803 2044 dixisset
830 2007 1009 2044 ‘Simoni‘
1038 2016 1109 2052 pro
1140 2007 1282 2051 ‘pati-r.

89 2068 166 2104 616
252 2068 270 2104 1
301 2068 347 2104 cf.
377 2068 465 2108 846.
496 2070 531 2106 2.
614 2071 690 2107 617
724 2070 748 2104 4
785 2070 864 2105 Mn.
894 2069 956 2105 32.
989 2068 1077 2105 223.

89 2129 165 2166 622
247 2140 272 2166 α
300 2132 431 2167 denuo
460 2131 658 2168 scholium
687 2132 734 2168 de
763 2131 947 2175 exemplo
975 2130 1120 2167 Donati
1131 2140 1140 2174 ;
1170 2129 1259 2165 vide
1288 2139 1413 2174 supra
1441 2129 1487 2164 ad
1519 2138 1555 2163 v.
1584 2128 1645 2164 38.

89 2191 166 2228 625
249 2192 273 2227 4
301 2193 421 2237 Eugr.
453 2204 489 2238 p.
519 2193 580 2230 56.

87 2252 161 2290 627
246 2253 281 2290 3.
312 2254 337 2289 4
368 2256 407 2291 et
437 2254 510 2292 628
529 2266 552 2290 α
579 2255 693 2291 falsa.
722 2253 961 2299 Spengelius
989 2254 1083 2297 apte
1112 2252 1211 2288 citat
1239 2252 1385 2288 Heaut.
1416 2252 1504 2288 397.

87 2315 164 2351 629
246 2316 270 2352 2
298 2316 418 2361 Eugr.
456 2327 494 2362 p.
525 2317 586 2353 57.
626 2316 726 2352 Vide
763 2315 1140 2359 interpretationem
1177 2314 1440 2350 recentiorem
1478 2315 1583 2358 apud
1622 2314 1770 2358 Speng.
1808 2315 1848 2348 et

192 2376 333 2414 Faircl.
418 2379 436 2414 1
468 2379 661 2423 Perplexe
689 2378 914 2414 redduntur
943 2386 1045 2420 quae
1074 2376 1173 2411 Don.
1203 2378 1341 2420 aperte
1369 2375 1408 2410 in
1440 2376 1474 2411 2.

87 2438 164 2474 630
248 2439 268 2474 1
298 2440 345 2475 de
375 2440 520 2476 ‘modo'
550 2440 596 2476 cf.
626 2440 726 2476 Eun.
758 2439 846 2475 309.
879 2437 990 2474 1074.
1020 2438 1093 2474 Ad.
1120 2437 1206 2474 289.
1233 2437 1329 2473 Hec.
1351 2437 1438 2473 458.
1457 2437 1551 2472 Pho.
1570 2436 1631 2474 59.
1714 2434 1774 2479 22)
1792 2437 1847 2471 sic

191 2500 314 2537 etiam
343 2501 527 2546 Spengel.

86 2563 163 2599 633
245 2563 269 2599 2
305 2563 382 2599 Mn.
423 2563 484 2600 32.
521 2564 614 2608 217;
656 2565 702 2599 de
740 2563 881 2599 iisdem
920 2571 1016 2597 mox
1044 2563 1267 2606 usurpatur
1296 2560 1446 2605 ‘pudet'
1477 2570 1513 2595 V.
1543 2559 1631 2595 637.
1714 2558 1736 2594 3
1768 2559 1844 2594 ‘res

190 2625 344 2662 malitia
372 2626 554 2662 scilicet':
586 2627 709 2661 immo
739 2625 812 2661 ‘die
841 2623 1063 2668 Sachlage’,
1093 2624 1139 2659 ut
1167 2623 1290 2658 habet
1318 2622 1465 2666 Speng.

85 2687 162 2724 636
245 2688 268 2723 2
295 2688 410 2723 iuxta
438 2687 461 2724 3
494 2689 534 2724 et
562 2688 586 2722 4
681 2687 705 2722 4
735 2688 788 2723 ‘et
817 2686 890 2721 hoc
917 2688 979 2721 est
1017 2706 1052 2710 -—
1090 2684 1258 2729 maluit’,
1292 2685 1433 2718 notata
1459 2693 1482 2717 a
1510 2682 1740 2725 Wessnero‚
1771 2682 1839 2716 sed

188 2749 377 2785 idoneum
414 2749 560 2785 Donati
595 2749 826 2793 exemplum
865 2747 1074 2783 continent
1112 2747 1152 2781 et
1186 2755 1318 2782 errore
1353 2744 1569 2780 redactoris
1598 2744 1668 2778 aut
1694 2742 1839 2777 librarii

188 2811 385 2856 migrasse
420 2811 607 2847 videntur
635 2820 686 2846 ex
715 2820 789 2846 suo
816 2809 915 2854 loco,
945 2818 1065 2852 quem
1093 2807 1219 2843 fuisse
1248 2807 1346 2851 puto
1371 2807 1465 2841 ante
1495 2804 1688 2840 scholium
1720 2803 1742 2838 3
1776 2803 1837 2838 vel

189 2875 282 2918 post
309 2873 346 2918 4,
375 2882 466 2909 cum
493 2872 684 2909 lemmate
713 2872 940 2908 ‘Proximus
970 2880 1061 2906 sum
1090 2870 1251 2914 egomet
1280 2868 1403 2904 mihi’.

128 3013 151 3056 ¹)
176 3012 217 3048 In
241 3016 348 3049 textu
372 3013 506 3049 scholii
532 3013 674 3057 corrige
699 3011 1013 3058 ‘periclitaturos’.
1792 3056 1799 3062 ι

124 3066 158 3109 2)·
175 3065 366 3102 Scholium
392 3067 598 3111 genuinum
623 3066 661 3101 in
685 3067 792 3100 textu
816 3077 930 3109 prave
956 3074 1178 3108 expressum
1202 3063 1261 3096 est
1283 3059 1421 3094 litteris
1441 3058 1646 3093 minoribus
1660 3068 1834 3100 praemis-

83 3128 197 3163 saque
218 3119 346 3155 littera
371 3131 409 3155 a.

151 3179 306 3216 Karsten,
324 3180 412 3208 Gom.
430 3179 512 3208 Don.
1695 3168 1729 3196 17
