2242 3443
322 328 397 362 432)

320 481 398 516 440

323 936 398 973 441

325 1164 402 1200 444

325 1241 403 1277 445

327 1388 404 1424 446

335 2683 408 2718 447

336 2907 413 2943 448

1174 198 1254 236 164

533 325 546 360 1
584 333 638 360 UT
674 334 714 360 ιι)
749 333 802 360 ΝΕ
838 334 934 360 viu
970 322 1096 360 modo
1132 321 1213 360 ‘ne'
1249 332 1352 359 non
1386 320 1618 368 significat.
1654 321 1678 358 2
1714 331 1829 359 HAEC
1864 331 1940 359 aas
1972 332 2091 375 som..

469 410 542 437 κεί·
578 409 764 437 RSMEDw
796 399 832 436 si
867 401 908 437 te
941 399 1188 446 suspicetur
1222 407 1372 436 amare
1406 396 1701 444 Pamphilam.

531 478 547 513 1
595 486 668 513 UBI
711 485 955 514 NOMINABIT
999 484 1259 512 PHAanmAM
1304 476 1346 512 et
1387 473 1530 512 locum
1575 475 1620 511 et
1661 476 1838 521 tempus
1871 471 2090 521 significat

471 551 587 592 ‘ubi’.
630 552 653 589 2
697 562 751 589 'ru
795 561 1059 590 PAMPHILAM
1092 560 1308 589 courmuo
1343 551 1411 588 liic
1445 559 1607 597 magna
1639 548 1847 598 οἰκονομία
1880 550 1970 598 est,
2005 559 2091 597 qua

469 628 698 667 Terentius
725 629 974 676 praeparat,
1003 627 1376 675 quemadmodum
1405 627 1596 674 iurgium
1620 626 1733 664 inter
1751 624 1961 664 Thaidem
1980 625 2091 664 mili-

471 707 647 751 temque
680 707 723 742 et
756 703 1032 743 Gnathonem
1060 713 1135 752 per
1161 703 1270 742 duas
1296 704 1443 751 partes
1471 710 1620 750 serpat
1646 701 1833 740 fabulae.
1861 702 1886 740 3
1913 702 1967 740 Et
1984 702 2093 740 bene

472 781 689 818 continuo’
719 782 766 818 ut
795 779 1023 828 intellegat
1049 780 1261 818 meretrix
1289 781 1482 818 nontam
1503 777 1784 826 Pamphilum
1804 777 1945 816 amari
1963 787 2095 826 quam

471 856 553 894 sibi
587 857 728 894 vicem
761 856 853 894 dari
885 856 954 895 (cf.
990 855 1041 893 ad
1076 856 1192 902 443).

532 943 796 971 PAMPHILAM
839 942 1078 971 CANTATUM
1122 941 1404 970 PROVOCEMUS
1446 931 1694 978 eleganter,
1737 930 1840 978 quia
1881 929 1953 969 ille
1985 929 2091 969 foris

474 1010 558 1056 est,
596 1009 702 1047 haec
734 1008 874 1056 intus⁷
903 1007 1026 1046 illam
1056 1006 1453 1054 ‘intromittamus‘,
1485 1006 1595 1045 hanc
1626 1007 1962 1054 ‘provocemus'‚
1982 1006 2092 1044 haec

474 1087 542 1122 est
571 1084 613 1122 in
650 1083 794 1122 verbis
827 1085 980 1132 poetae
1012 1093 1224 1132 germana
1256 1083 1516 1131 proprietas.

531 1171 586 1198 TU
620 1169 756 1198 Huius
789 1169 958 1198 CONTRA
992 1159 1072 1198 hoc
1105 1158 1284 1197 ‘contra’
1321 1159 1497 1197 vicem
1532 1157 1764 1206 significat.

537 1238 555 1274 1
592 1246 704 1282 QUOD
736 1246 828 1274 EAM
861 1245 1066 1274 MORDEAT
1103 1234 1245 1283 ‘quod’
1279 1245 1391 1283 par.

648 1311 669 1345 2
700 1311 762 1346 An
793 1309 978 1346 absolute
1008 1309 1136 1353 ‘quod‘
1167 1319 1270 1352 Quae
1295 1310 1390 1345 res?

537 1385 555 1420 1
596 1391 803 1427 SIQUIDEM
836 1392 894 1420 ME
927 1391 1108 1420 AMARET
1140 1391 1231 1419 TUM
1263 1391 1386 1419 Ismuc
1419 1390 1659 1419 PRODESSET
1694 1390 1872 1419 GNATHo
1905 1380 1974 1418 his
2001 1390 2092 1418 ver-

476 1459 627 1498 siculis
669 1468 900 1507 personam
936 1457 1093 1496 militis
1126 1460 1168 1495 et
1201 1456 1445 1496 Gnathonis
1479 1456 1807 1496 continentibus
1838 1465 2094 1506 prooecono—

478 1535 569 1573 mia
590 1530 618 1581 ¹)
658 1534 898 1583 inducitur,
939 1543 1025 1581 qua
1068 1533 1310 1572 verisimile
1351 1532 1400 1572 fit
1442 1533 1569 1572 facile
1601 1533 1789 1572 militem
1821 1532 1934 1572 ferre
1967 1541 2094 1581 posse

479 1611 683 1659 anteponi
715 1610 796 1648 sibi
830 1610 1106 1658 Phaedriam,
1141 1610 1213 1657 qui
1245 1620 1293 1648 se
1321 1619 1495 1658 semper
1521 1609 1790 1648 intellexerit
1817 1618 1903 1648 non
1931 1608 2093 1655 amari;

479 1697 582 1726 narn
616 1686 654 1725 si
686 1686 766 1725 hoc
798 1686 950 1734 tollas,
984 1688 1061 1724 aut
1094 1685 1392 1724 excludendus
1425 1686 1493 1724 est
1523 1685 1738 1724 Phaedria
1765 1686 1841 1724 aut
1867 1694 1924 1724 ex
1950 1683 2096 1723 dolore

480 1762 636 1801 militis
677 1762 720 1801 in
763 1762 846 1800 hac
886 1761 1034 1800 fabula
1072 1760 1122 1800 fit
1164 1761 1313 1800 exitus
1355 1761 1566 1810 tragicus.
1611 1762 1636 1799 2
1679 1760 1729 1799 Ec
1772 1761 1855 1800 hoc
1887 1760 2015 1800 miles
2046 1761 2096 1799 ut

480 1839 655 1888 sapiens
686 1837 859 1877 locutus
887 1839 976 1885 est;
1006 1846 1107 1885 ergo
1135 1819 1393 1876 meminisse
1421 1837 1628 1876 convenit
1654 1836 1861 1880 ridiculas
1887 1845 2097 1885 personas

480 1925 566 1954 non
606 1913 785 1953 omnino
827 1912 987 1952 stultas
1028 1916 1072 1952 et
1110 1913 1319 1952 excordes
1351 1913 1496 1952 induci
1529 1923 1554 1952 a
1586 1913 1728 1961 poetis
1760 1911 1959 1961 comiciS,
1992 1921 2095 1950 nam

480 1990 602 2029 nulla
641 1989 873 2028 delectatio
914 1991 997 2038 est,
1043 1988 1114 2028 ubi
1157 1989 1334 2028 omnino
1378 1988 1451 2037 qui
1494 1988 1714 2028 deluditur
1756 1988 1866 2026 nihil
1907 1987 2036 2037 sapit.
2069 1987 2094 2027 3

481 2066 693 2105 Stultitia.
718 2067 867 2104 autem
910 2068 978 2104 est
1020 2066 1064 2104 in
1097 2065 1166 2104 his
1200 2067 1409 2114 quattuor
1441 2064 1607 2104 modis:
1644 2071 1722 2103 aut,
1753 2073 1840 2103 non
1873 2064 2021 2103 venire
2052 2063 2095 2102 in

482 2144 676 2181 mentem
710 2141 822 2189 quod
854 2143 1026 2190 oportet
1051 2144 1129 2180 aut
1154 2142 1191 2180 si
1220 2142 1389 2181 venerit
1416 2151 1501 2180 non
1529 2143 1678 2180 tenere
1706 2143 1783 2180 aut
1808 2140 1971 2180 bonum
1999 2149 2096 2179 con·

481 2219 628 2257 silium
653 2217 748 2256 ‘non
781 2217 1016 2256 admittere
1048 2219 1123 2256 aut
1154 2218 1317 2256 malam
1351 2218 1608 2257 admittere:
1644 2217 1742 2256 vide
1775 2226 1894 2266 ergo,
1922 2217 1972 2255 ut
1997 2216 2095 2264 hoo,

480 2294 593 2343 quod
627 2294 854 2333 commode
887 2294 1017 2333 miles
1050 2295 1241 2344 viderat,
1275 2305 1361 2334 non
1395 2297 1591 2334 tenuerit
1621 2296 1853 2341 totumque
1885 2292 2097 2332 amiserit.

479 2370 572 2409 Hoc
603 2371 750 2409 autem
783 2370 942 2409 idcirco
974 2370 1238 2419 interposuit
1270 2373 1414 2420 poeta,
1444 2373 1494 2410 ut
1515 2370 1782 2418 ostenderet,
1811 2368 1914 2417 quid
1940 2367 2097 2408 veneni

481 2446 662 2484 haberet
702 2446 965 2497 assentatio,
1010 2457 1084 2495 per
1126 2457 1257 2494 quarn
1301 2457 1386 2485 non
1427 2447 1556 2486 modo
1589 2448 1789 2486 errantes
1821 2444 2096 2494 decipiuntur

482 2532 532 2561 ac
572 2522 830 2571 praecipites
872 2527 995 2568 eunt,
1041 2532 1194 2561 verum
1238 2523 1374 2561 etiam
1407 2523 1629 2572 sapientes
1662 2521 1882 2560 interdum
1915 2520 2096 2568 sanique

483 2601 756 2639 evertuntur.

540 2684 715 2720 QUANDO
760 2684 890 2712 ILLUD
932 2683 1044 2718 QUOD
1076 2684 1131 2712 'ru
1165 2684 1249 2712 DAs
1281 2684 1529 2712 EXSPECTAT
1562 2675 1644 2714 hac
1675 2673 1896 2714 sententia
1928 2672 2095 2712 tollitur

485 2751 617 2791 militi
645 2751 759 2798 quod
793 2751 908 2788 recte
941 2752 1157 2798 senserat,
1192 2759 1270 2789 nec
1297 2751 1583 2798 persuadetur
1609 2753 1758 2789 tamen
1786 2749 1898 2798 quod
1925 2749 2095 2788 ametur

484 2827 536 2866 ab
570 2827 726 2865 amica.

540 2913 780 2942 IAMDUDUM
823 2913 874 2940 TE
912 2912 1035 2940 AMAT
1069 2901 1355 2941 ‘iamdudum’
1390 2902 1456 2941 vel
1489 2902 1720 2941 nimium
1756 2904 1800 2941 et
1830 2901 1993 2941 valde
2024 2897 2094 2939 vel

486 2978 836 3026 iampridem.

383 3091 406 3133 ¹)
433 3090 644 3125 Lectionem
670 3088 776 3122 codd.
799 3088 950 3127 retinui,
974 3100 1084 3131 quam
1112 3087 1263 3122 Wessn.
1287 3088 1370 3123 sine
1395 3101 1508 3123 causa
1536 3090 1707 3125 mutavit.
