2242 3443
1195 228 1248 266 84

657 352 678 386 3
718 351 738 372 *
777 363 852 387 Non
892 362 925 387 si
966 361 1189 387 ‹JAi‘iiJNDos
1219 363 1258 387 M.
1291 362 1321 386 s.
1355 353 1409 387 ita
1438 350 1538 385 dixit
1569 351 1615 386 rie
1645 359 1738 393 uno,
1769 350 1844 385 hoc
1872 349 1937 384 est
1966 350 2100 394 patre,

603 414 756 442 munes
787 407 998 451 honiines',
1030 410 1072 441 ut
1104 407 1208 442 idem
1238 405 1328 442 alibi
1359 408 1393 442 ‘o
1419 405 1591 448 caelum,
1618 414 1639 439 o
1666 406 1790 446 terra,
1817 413 1839 439 o
1861 403 1988 439 maria
2004 403 2102 448 Nep-

607 461 729 496 tunil'
769 461 855 502 (Ad.
897 457 992 509 790)
1030 459 1230 503 Numquid
1269 462 1310 496 et
1338 460 1491 496 caelum
1521 458 1698 502 Neptuni
1727 458 1823 493 est?
1853 466 1932 493 non
1963 457 2102 501 utique

603 515 672 549 sed
702 514 839 550 omnia
867 513 963 550 haec
993 524 1101 550 mare
1126 514 1212 550 vult
1236 523 1343 558 esse,
1370 516 1414 550 ut
1442 512 1642 556 Vergilius
1668 512 1817 548 ‘omnia
1840 511 1902 548 vel
1926 511 2103 548 medium

607 568 706 605 fiant
735 568 856 605 mare'
888 568 979 611 (Ecl.
1011 568 1046 604 8.
1078 568 1155 611 58).

338 645 416 681 696
550 643 567 678 1
615 651 813 679 commu·
855 641 968 688 quod
1013 640 1086 678 vix
1128 639 1297 686 evenit,
1336 638 1651 686 contigisse
1683 637 1855 676 dicitur.
1890 639 1914 676 2
1949 646 2087 676 comm

486 727 622 755 mum*
664 727 803 755 mones
841 720 956 756 recte
989 718 1031 756 et
1061 716 1103 755 id
1136 716 1247 764 quod
1281 715 1614 754 matrimonium
1646 713 1794 752 firmat
1826 712 2108 753 ‘conveniunt

487 794 663 832 mores'.
708 794 732 831 3
775 804 978 832 vALEAN'r
1020 793 1102 831 hoc
1135 794 1203 830 est
1235 791 1412 840 abeant,
1447 790 1677 837 recedant;
1710 792 1765 834 (a)
1798 791 1824 828 4
1857 789 1927 828 vel
1960 789 2105 838 potius

489 875 539 922 τῷ
572 868 832 922 εὐφημισμῷε
861 880 960 907 cum
990 868 1104 907 male
1131 869 1363 916 optaturus
1392 868 1526 915 esset,
1551 866 1822 905 considerato
1840 867 1962 915 patre
1980 879 2107 914 παρα-

486 945 610 992 δόξως
650 945 824 985 locutus
860 947 926 984 est
959 948 1002 984 et
1033 955 1119 983 non
1146 945 1274 992 dixit,
1305 944 1418 991 quod
1446 943 1710 992 intenderat,
1740 942 1962 992 ‘pereant’.
1994 943 2019 981 5
2051 942 2106 980 Et

489 1021 684 1070 attende,
713 1031 845 1069 quam
874 1021 1098 1060 moderate
1125 1020 1352 1068 pluraliter
1371 1019 1500 1069 dixit,
1520 1029 1619 1058 cum
1639 1017 1907 1068 significaret
1922 1020 2106 1067 patrem.

664 1097 685 1132 3
717 1107 740 1130 a
771 1094 793 1116 ³¹¹
822 1097 914 1140 quia
942 1097 983 1131 et
1012 1095 1311 1131 discedentibus
1340 1096 1380 1130 et
1410 1094 1583 1130 mortuis
1613 1093 1726 1130 ‘vale'
1757 1094 1917 1139 dicitur,
1942 1093 1988 1129 ut
2012 1092 2106 1128 Ver-

608 1150 725 1195 gilius
763 1150 886 1186 ‘salve
925 1151 1134 1186 aeternum
1167 1159 1219 1185 m.
1251 1159 1303 1184 m.
1334 1149 1428 1184 P...
1458 1148 1559 1184 vale’
1587 1149 1700 1189 (Aen.
1733 1149 1793 1184 11.
1824 1147 1905 1194 97).
1935 1148 1958 1183 6
1988 1156 2104 1182 VALE·

606 1214 686 1240 ΑΝΤ
715 1203 1025 1240 renuntiationis
1054 1205 1095 1240 et
1122 1203 1421 1248 imprecationis
1450 1204 1512 1238 est
1538 1203 1717 1238 verbum.

341 1282 416 1318 697
548 1277 572 1315 3
607 1286 727 1315 HANG
759 1285 846 1315 N1s1
879 1285 992 1313 mons
1018 1285 1068 1313 MI
1094 1285 1260 1313 ADIMET
1288 1284 1405 1313 NEMO
1433 1275 1702 1323 perseverat,
1735 1284 1788 1312 ne
1806 1274 1922 1313 dicat
1940 1272 2105 1324 ‘pater.’

667 1351 684 1385 1
716 1360 826 1386 HANG
854 1359 936 1385 N1s1
960 1359 1066 1385 mons
1091 1349 1168 1385 etsi
1193 1349 1372 1394 valeant,
1399 1369 1451 1374 --
1482 1349 1503 1383 2
1529 1358 1638 1384 HANG
1661 1358 1744 1384 NISI
1765 1358 1871 1384 mons
1895 1348 1993 1386 haec
2015 1359 2103 1386 con-

607 1421 735 1457 cessio
765 1422 840 1456 est.
878 1440 913 1444 —
950 1419 1025 1456 hoc
1054 1419 1160 1456 enim
1189 1429 1259 1464 per
1288 1419 1591 1455 concessionem
1622 1418 1777 1454 dicitur.

341 1499 419 1534 698
552 1494 571 1531 1
605 1502 820 1531 RES1P1sco
853 1491 1058 1540 spiritum
1090 1493 1269 1530 revocat
1299 1501 1469 1530 sensus.
1505 1491 1529 1529 2
1557 1500 1695 1530 MAeis
1722 1501 1872 1530 VERUM
1900 1493 1977 1531 aut
2004 1491 2104 1532 ‘ma-

491 1569 557 1618 gis
592 1569 760 1608 verum‘
793 1570 870 1606 aut
903 1566 1079 1606 ‘verius’
1114 1567 1315 1606 dicimus.

343 1651 420 1686 699
554 1647 572 1683 1
608 1655 664 1683 UT
697 1654 751 1682 NE
784 1654 925 1682 PATER
955 1646 1004 1682 ut
1035 1653 1135 1683 non.
1171 1645 1194 1682 2
1227 1654 1282 1682 UT
1316 1655 1371 1682 NE
1404 1654 1546 1683 PATER
1577 1654 1659 1683 PER
1690 1654 1749 1682 ME
1782 1654 1976 1683 smmssn
2010 1643 2106 1684 ‘ste-

491 1721 614 1759 tisse’
656 1720 736 1759 hoc
777 1722 844 1759 est
887 1729 1034 1769 esse,
1078 1721 1127 1758 ut
1161 1719 1234 1758 ille
1268 1718 1540 1768 ‘desertaque
1573 1720 1739 1758 montis
1770 1721 1862 1758 stat
1893 1720 1948 1759 d.’
1981 1720 2109 1760 aliter

493 1797 716 1845 plenum
749 1805 893 1844 esse,
928 1797 975 1834 ut
1005 1795 1123 1834 idem
1156 1795 1293 1834 ‘stant
1326 1797 1370 1834 et
1402 1796 1587 1844 iuniperi
1616 1798 1659 1835 et
1687 1806 1722 1835 c.
1750 1796 1820 1845 h.’,
1841 1795 1968 1835 aliter
1995 1796 2108 1836 hor-

492 1874 635 1919 rent,
681 1874 730 1911 ut
774 1871 910 1910 ‘stant
951 1871 1123 1910 lumina
1164 1871 1208 1910 f.’
1251 1870 1376 1920 (Aen.
1420 1873 1459 1910 8.
1497 1873 1592 1911 191.
1626 1872 1714 1911 Ecl.
1749 1873 1789 1912 7.
1826 1873 1893 1911 53.
1925 1873 2034 1912 Aen.
2067 1874 2107 1912 6.

494 1949 594 1993 300)
626 1950 670 1988 et
701 1947 896 1987 Lucilius
929 1946 1034 1986 ‘stat
1065 1948 1265 1986 sentibus
1296 1948 1473 1987 fundus'
1507 1950 1548 1990 <5
1581 1949 1632 1987 fr.
1668 1949 1693 1987 4
1726 1949 1810 1991 M).

666 2022 688 2058 3
727 2032 804 2058 PER
840 2032 894 2057 m:
932 2031 1114 2057 s‘rmisss
1153 2022 1227 2058 hoc
1264 2023 1348 2057 est:
1380 2032 1449 2067 per
1478 2033 1543 2059 me
1571 2022 1723 2059 iactum
1752 2032 1855 2068 esse,
1886 2032 1936 2059 ne
1964 2022 2109 2060 fierent

612 2077 794 2121 nupti-ae.

348 2154 423 2191 702
547 2149 571 2187 2
615 2158 746 2187 mssa
788 2157 931 2192 AEQUE
972 2156 1116 2192 ATQUE
1156 2157 1237 2185 Eeo
1279 2149 1313 2185 et
1345 2147 1494 2186 intulit
1525 2147 1770 2199 παράδοξον,
1800 2158 1904 2187 nam
1937 2148 2112 2188 volebat

493 2225 575 2263 sibi
617 2225 699 2263 dici
733 2222 901 2272 ‘fortis’,
936 2222 1048 2271 quod
1078 2222 1142 2261 illi
1174 2227 1324 2261 tamen
1357 2233 1462 2261 mox
1495 2223 1685 2271 dicetur;
1718 2223 1789 2263 hic
1819 2224 1951 2272 igitur
1982 2223 2110 2263 aliter

492 2300 728 2349 respondet
760 2301 889 2347 atque
916 2299 1266 2347 interrogaverat
1291 2298 1550 2348 Pamphilus
1577 2299 1691 2349 ideo,
1720 2299 1832 2347 quod
1860 2299 2008 2339 videat
2031 2300 2110 2339 im-

492 2376 699 2425 possibile
741 2385 840 2414 esse
882 2374 1027 2423 palam
1071 2375 1277 2413 resistere
1309 2375 1494 2424 parenti.
1529 2375 1553 2413 3
1589 2357 1839 2421 [consmitm
1871 2377 2058 2422 QUAEROJ
2082 2372 2109 2423 ¹)

490 2462 648 2491 sensus
675 2453 767 2490 est:
798 2451 887 2490 scio
911 2451 1086 2498 quidem
1104 2450 1207 2498 quid
1226 2451 1415 2500 coneris,
1436 2452 1511 2490 sed
1529 2462 1582 2491 an
1601 2452 1769 2492 efficere
1785 2453 1930 2502 possis
1946 2452 2107 2492 nescio.

668 2527 684 2562 1
715 2535 838 2561 iusim
866 2535 998 2567 AEQUE
1026 2535 1158 2567 ATQUE
1186 2535 1262 2562 seo
1289 2526 1390 2562 bene
1420 2528 1553 2571 ‘atque
1577 2526 1679 2573 ego’,
1704 2528 1796 2572 quia
1821 2529 1862 2564 et
1884 2527 1948 2564 hio
1971 2536 2108 2564 amore

612 2582 798 2617 vexatur.

346 2659 421 2696 703
553 2654 573 2691 1
613 2662 704 2691 scio
743 2661 845 2697 QUm
887 2661 1051 2690 CONERE
1089 2651 1127 2689 si
1158 2651 1376 2699 Pamphili
1408 2653 1475 2690 est
1506 2662 1710 2701 persona,
1746 2663 1845 2691 cum
1878 2643 2018 2692 ironia
2048 2652 2106 2691 di·

492 2729 618 2778 citur,
652 2729 690 2767 si
722 2726 919 2775 Charini,
952 2726 1143 2775 simplex
1174 2726 1368 2765 laudatio
1401 2728 1482 2766 est.

665 2803 686 2837 2
717 2802 787 2837 sed
812 2801 846 2837 si
876 2800 1074 2845 Pamphili
1104 2801 1184 2844 est,
1216 2799 1290 2836 hoc
1320 2800 1537 2846 significat,
1568 2802 1671 2845 quod
1698 2811 1820 2847 supra
1848 2805 1897 2845 (V.
1924 2802 2016 2845 673)
2041 2802 2106 2838 ‘ex

611 2857 702 2892 unis
732 2857 916 2900 geminas
944 2855 1042 2890 mihi
1071 2853 1255 2890 conficies
1284 2855 1476 2899 nuptias’.
1507 2855 1529 2890 3
1559 2855 1635 2891 Sed
1665 2865 1743 2892 non
1773 2866 1865 2893 esse
1889 2865 2104 2901 personam

613 2909 809 2955 Pamphili
837 2919 888 2945 ex
916 2908 1107 2945 subiectis
1137 2909 1374 2944 ostenditur.

345 2988 421 3024 704
551 2983 574 3021 2
609 2981 658 3020 Εἰ
690 2981 842 3020 eodem
875 2990 1008 3019 sensu
1042 2980 1181 3018 utitur
1213 2979 1362 3017 Davus
1394 2979 1606 3018 adversus
1639 2979 1897 3029 Charinum,
1926 2991 2010 3029 quo
2036 2991 2103 3019 su-

393 3119 418 3162 ¹)
443 3118 635 3154 Scholium
660 3117 824 3162 pertinet
847 3116 894 3151 ad
918 3116 985 3152 703
1008 3115 1098 3151 ‘scio
1121 3115 1212 3160 quid
1238 3114 1393 3150 conere'.

2224 549 2242 583 ²3.
2219 439 2242 542 nd³
2216 422 2228 431 ³

2239 1789 2242 1889 Ξ

2212 2965 2229 3047 fr
