2242 3443
153 1024 230 1061 305

156 1252 234 1289 306

160 1818 235 1855 307

164 2344 240 2381 308
285 2376 288 2383 .

165 2869 242 2905 309

170 3020 247 3057 310

1007 216 1059 254 41

297 338 542 377 dolentibus
571 340 771 377 incusare
799 339 884 377 alia
911 349 965 377 ex
993 339 1103 386 aliis,
1135 338 1350 386 Vergilius
1372 337 1475 382 (Ecl.
1503 339 1541 376 5.
1571 338 1639 382 22)
1669 337 1782 375 ‘cum
1804 345 1911 374 com-

297 414 429 463 plexa
456 415 525 453 sui
553 425 710 463 corpus
738 425 796 453 m.
826 425 867 453 n.
897 417 1027 463 atque
1054 415 1158 453 deos
1187 417 1318 462 atque
1348 416 1469 452 astra
1497 424 1536 452 V.
1566 424 1601 452 e.
1629 413 1701 451 m.’
1732 415 1773 451 et
1793 412 1914 455 (Aen.

299 491 337 528 2.
367 491 468 532 745)
499 490 642 538 ‘quem
659 491 867 539 <non>
894 492 1092 530 incusavi
1112 500 1265 529 amens
1295 490 1610 537 hominumque
1628 489 1682 527 d.’
1702 489 1727 527 3
1747 499 1769 527 o
1787 498 1914 526 Hom-

297 575 387 604 NEM
420 576 579 605 IMPIUM
612 567 878 606 Aeschinum
911 567 1098 616 scilicet3
1133 568 1176 604 et
1206 566 1286 604 hoc
1318 562 1489 620 ᾐθικῶς,
1509 575 1612 603 nam
1631 574 1804 612 semper
1822 564 1915 602 ulti-

299 651 421 680 mum
464 642 668 690 ponimus
701 651 821 691 eum,
858 642 927 680 cui
961 641 1157 680 maxime
1190 641 1438 688 irascimur,
1472 642 1518 678 ut
1549 641 1593 678 in
1626 640 1790 678 Andria
1821 641 1919 688 post

300 719 557 756 accusatum
579 727 781 756 socerum
811 720 854 756 et
881 717 1178 766 vituperatam
1208 726 1416 765 sponsam
1445 717 1563 760 (252)
1587 716 1703 754 ‘nam
1722 715 1821 763 quid
1841 724 1918 762 ego

300 792 443 832 dicam
475 794 527 832 de
560 795 682 842 patre
695 795 728 832 ?'
763 796 807 832 et
835 794 877 832 in
911 793 1176 832 Phormione
1209 789 1326 842 (231)
1355 791 1490 831 ‘itane
1523 792 1701 830 tandem
1735 800 1917 830 uxorem

299 869 425 907 duxit
458 869 664 918 Antipho'
698 872 742 908 et
769 871 868 918 post
895 869 1036 908 multa
1060 869 1176 913 (233)
1207 868 1367 916 ‘<o>
1393 868 1563 907 facinus
1585 867 1749 906 audax!
1771 877 1794 905 0
1813 866 1921 905 Geta

302 945 541 994 monitorI',
577 945 689 984 unde
722 945 794 984 ille
829 944 918 983 ‘vix
951 945 1147 983 tandem’
1180 944 1336 991 inquit.

358 1030 486 1059 vinEo
515 1031 704 1059 ruffinum
732 1032 782 1059 ET
811 1031 1129 1060 PROPERANTEM
1156 1030 1306 1059 GETAM
1335 1019 1570 1058 ‘timidum’
1598 1017 1920 1068 perturbatum,

303 1106 388 1135 non
431 1097 549 1135 enim
592 1097 722 1136 timet
763 1097 839 1136 sed
882 1097 1019 1145 dolet,
1065 1097 1129 1135 sic
1171 1096 1355 1135 Plautus
1397 1096 1439 1133 in
1483 1094 1770 1134 Bacchidibus
1806 1092 1922 1145 (106)

306 1171 421 1211 ‘nam
455 1174 503 1211 ut
535 1182 590 1212 ex
623 1173 736 1211 mari
768 1173 925 1211 timida
957 1173 1033 1211 es’.

367 1249 384 1286 1
421 1259 538 1293 QUEM
571 1259 715 1294 NEQUE
747 1259 870 1287 EIDEs
904 1249 1009 1288 ordo
1042 1251 1131 1288 est:
1166 1248 1390 1287 hominem
1408 1247 1593 1295 impium
1628 1247 1762 1294 (304),
1791 1255 1921 1293 quem

301 1334 440 1372 neque
471 1324 593 1366 fides.
627 1326 650 1364 2
685 1325 735 1364 Et
766 1336 898 1374 saepe
932 1326 1168 1374 repetitum
1200 1325 1366 1373 ‘neque'
1394 1325 1632 1371 exaggerat
1659 1323 1825 1361 crimen
1854 1322 1921 1360 ad-

306 1401 508 1441 missum.
553 1404 578 1440 4
611 1411 753 1447 NEQUE
787 1412 923 1440 ILLUM
955 1402 1199 1440 secundum
1232 1399 1448 1450 παρέλκου,
1483 1400 1535 1439 (α)
1569 1400 1617 1437 ut
1653 1398 1795 1446 (Verg.
1815 1399 1921 1437 Aen.

307 1478 346 1516 5.
379 1478 480 1517 457)
514 1478 831 1518 ‘nunc'dextra
863 1479 1142 1526 ingeminans
1171 1478 1328 1525 ictum,
1355 1486 1470 1515 nunc
1495 1475 1567 1514 ille
1594 1475 1802 1514 sinistra'.
1831 1475 1855 1513 5
1875 1474 1923 1511 Ec

308 1553 402 1591 eius
434 1553 638 1593 videlicet
669 1554 991 1603 misericordia,
1026 1563 1158 1602 quam
1192 1553 1375 1592 amavit.

480 1627 503 1664 3
534 1624 666 1669 *QUEM
695 1638 826 1670 NEQUE
854 1638 968 1664 E1nEs
996 1628 1090 1672 quia
1119 1628 1325 1671 promisit;
1356 1636 1486 1669 NEQUE
1514 1635 1801 1661 IUSIURANDUM
1831 1623 1923 1667 quia

424 1681 589 1726 iuravit,
619 1693 750 1724 NEQUE
774 1692 897 1717 ILLUM
922 1691 1209 1718 MISERICORDIA
1235 1682 1328 1726 quia
1344 1681 1424 1716 vim
1439 1680 1590 1716 intulit.
1607 1680 1630 1715 4
1647 1689 1780 1715 anam
1798 1679 1921 1714 abun-

429 1736 494 1771 dat
524 1735 676 1772 ‘illum'.
707 1736 730 1773 6
759 1746 969 1778 NEQUE...
1000 1745 1216 1772 REPREssrr
1244 1745 1295 1772 ne
1328 1736 1505 1771 auderet.

369 1817 386 1853 1
423 1825 564 1861 NEQUE
597 1827 808 1855 REELExm·
836 1826 889 1855 ne
917 1816 1097 1862 faceret,
1128 1818 1171 1854 et
1198 1816 1260 1854 sic
1288 1816 1368 1853 hoc
1395 1815 1561 1854 dictum
1591 1815 1676 1860 est,
1706 1814 1753 1851 ut
1782 1822 1806 1850 a
1825 1811 1921 1849 Ver-

308 1890 411 1938 gilio
443 1893 565 1936 (Aen.
585 1893 624 1931 4.
644 1891 747 1935 369)
766 1891 885 1931 ‘num
919 1892 1024 1930 fletu
1057 1892 1274 1940 ingemuit
1302 1892 1376 1930 n.?
1404 1901 1507 1929 num
1537 1890 1564 1929 1.
1599 1890 1661 1928 f.‘?
1688 1899 1729 1928 n.
1758 1888 1784 1927 l.
1815 1898 1854 1926 v.
1883 1887 1921 1925 d.

309 1977 347 2005 a.
381 1977 438 2005 m.
467 1977 505 2008 a.
540 1963 592 2006 e.'
625 1969 730 2015 etc.;
766 1968 790 2006 2
825 1969 867 2006 et
900 1968 937 2006 si
971 1977 1055 2006 non
1088 1967 1231 2016 potuit
1264 1966 1442 2015 reprimi
1476 1976 1528 2004 ne
1560 1965 1741 2012 faceret,
1772 1963 1922 2002 saltim

310 2044 358 2081 ut
382 2043 425 2081 in
454 2044 673 2091 peccando
701 2046 819 2083 esset
847 2044 1007 2092 mitior,
1036 2043 1185 2082 debuit
1214 2043 1496 2082 commoveri.
1525 2043 1579 2082 (a)
1607 2042 1632 2080 3
1651 2050 1793 2086 NEQUE
1812 2049 1923 2084 Quoi)

309 2129 479 2159 PARTUS
507 2130 722 2158 INSTABAT
750 2130 884 2158 PROPE
911 2118 1157 2169 αὐξητικῶςε
1186 2129 1271 2158 non
1301 2119 1416 2158 enim
1445 2117 1610 2157 addidit
1626 2115 1924 2164 <tantum>

310 2196 459 2233 mariti
491 2196 567 2234 sed
601 2196 734 2234 etiam
769 2196 907 2244 patris
939 2195 1098 2234 scelus.

483 2269 506 2305 2
530 2280 555 2304 α
583 2271 652 2306 sed
676 2270 820 2306 melius
844 2270 949 2314 quod
976 2279 1101 2314 supra
1125 2269 1193 2311 (‘h.
1219 2269 1265 2305 e.‘
1291 2279 1342 2305 ne
1366 2268 1545 2304 auderet’
1572 2269 1617 2303 ut
1633 2268 1695 2303 est
1712 2267 1749 2301 in
1769 2266 1856 2309 3067
1874 2265 1923 2307 6).

371 2343 394 2379 2
438 2351 620 2380 [NoreNE
660 2342 816 2391 impie,
852 2341 1101 2389 crudeliter,
1134 2342 1183 2379 ut
1214 2339 1436 2388 Vergilius
1465 2341 1588 2384 (Aen.
1608 2340 1646 2377 2.
1667 2339 1765 2378 285)
1800 2338 1924 2385 ‘quae

310 2427 444 2456 causa
475 2418 653 2465 indigna
685 2428 719 2456 s.
753 2418 781 2456 f.
816 2413 898 2456 v.‘?'
936 2418 961 2456 3
995 2427 1081 2455 NON
1116 2426 1354 2454 INTELLEGO
1387 2417 1440 2454 ad
1473 2416 1554 2454 hoc
1587 2415 1783 2454 Sostrata
1810 2414 1924 2461 igno-

311 2503 414 2531 rans
445 2493 678 2541 inducitur,
713 2494 761 2532 ut
788 2493 904 2532 malo
932 2493 1085 2531 nuntio
1114 2494 1291 2541 repente
1317 2492 1511 2539 feriatur,
1536 2492 1578 2529 et
1605 2490 1707 2538 quia
1734 2488 1925 2537 oportuit

310 2569 451 2616 ipsam
490 2569 679 2617 priorem
707 2568 824 2616 loqui
852 2578 1060 2616 praesens
1085 2568 1290 2617 loquitur,
1320 2567 1421 2615 quia
1448 2568 1595 2605 autem
1625 2575 1709 2603 non
1738 2566 1805 2602 est
1835 2574 1924 2612 per·

313 2644 452 2682 denda
494 2649 585 2682 tam
619 2645 769 2683 suavis
802 2641 996 2693 ἠθοποιΐα
1030 2643 1218 2682 dolentis
1246 2643 1298 2681 ad
1331 2643 1613 2690 irascentem,
1648 2640 1806 2679 idcirco
1840 2648 1923 2677 non

312 2720 434 2759 audit
465 2720 592 2768 Geta,
628 2730 867 2759 conversus
899 2730 952 2758 ne
984 2719 1037 2758 ob
1072 2719 1192 2758 illam
1225 2719 1343 2766 loqui
1375 2718 1559 2757 desinat.

487 2795 504 2829 1
536 2804 602 2830 cm
626 2804 801 2829 MISERAB
831 2794 945 2829 deest
973 2793 1048 2829 ‘ei’.

369 2876 491 2904 SATIS
517 2876 633 2911 QUAE
661 2875 893 2910 LOQUATUR
919 2865 1061 2903 adhuc
1089 2874 1175 2903 non
1195 2864 1399 2903 audiente
1417 2863 1527 2902 Geta
1543 2862 1747 2910 loquitur,
1767 2859 1925 2898 idcirco

315 2951 394 2980 nec
425 2942 548 2980 audit
579 2952 677 2980 eam
711 2950 866 2979 servus
898 2950 978 2979 nec
1011 2940 1182 2978 videtur
1214 2939 1266 2977 ab
1300 2949 1349 2978 eo
1387 2938 1600 2977 Sostrata.

376 3020 395 3055 1
431 3028 507 3055 vix
533 3028 621 3055 SUM
650 3026 812 3055 COMPos
834 3026 965 3055 ANIMI
983 3017 1059 3053 aut
1088 3015 1194 3052 ‘vix’
1221 3014 1443 3053 tandem
1473 3015 1550 3052 aut
1575 3022 1701 3059 non,
1731 3012 1778 3049 ut
1808 3010 1924 3048 Luci-

315 3092 402 3131 lius
432 3093 570 3132 (Marx
606 3093 732 3132 1128)
762 3093 933 3139 ‘carcer,
970 3090 1044 3128 vix
1071 3100 1244 3129 carcere
1272 3089 1457 3137 dignus'.
1488 3089 1511 3126 2
1540 3087 1588 3125 Ec
1616 3096 1776 3125 compos
1794 3095 1923 3123 ANIMI
