2242 3443
977 200 1032 238 29

129 330 206 366 239
338 325 356 362 1
390 334 600 362 LABASGIT
634 323 712 361 hoc
745 333 892 371 presse
926 323 1094 371 dicitur,
1130 325 1153 361 2
1187 325 1229 362 et
1254 325 1424 372 proprie
1452 325 1561 362 dixit
1589 324 1814 374 ‘labascit’‚
1840 329 1886 365 ut

274 402 316 439 et
348 411 476 439 suam
504 401 760 438 instantiam
790 401 834 437 et
861 400 1184 438 cunctationem
1216 400 1338 438 tarde
1366 401 1615 448 incipientis
1644 403 1888 440 consentire

273 476 560 523 monstraret;
603 485 705 513 nam
738 475 1042 514 inchoativum
1078 475 1261 514 verbum
1295 478 1382 524 est,
1415 484 1619 526 μεταφορᾷ
1653 477 1705 515 ab
1739 478 1889 516 arbore

274 549 530 598 significans
553 546 578 595 ¹)
621 551 755 599 facta,
801 561 911 599 quae
954 551 1106 589 multis
1148 551 1321 589 succisa
1362 551 1521 590 ictibus
1563 553 1663 591 ferri
1707 555 1883 591 tandem

275 626 427 674 incipit
459 627 499 665 in
535 637 688 665 casum
715 627 901 675 pendere
927 627 1186 674 ruinamque
1215 628 1395 665 minare.
1425 628 1450 664 3
1478 638 1604 666 UNUM
1632 639 1714 667 Hoc
1741 641 1886 668 immeo

275 702 356 740 hoc
387 702 522 750 clare,
556 704 581 740 4
615 704 659 741 et
690 702 1038 741 subaudiendum
1073 701 1198 750 ‘quod
1232 703 1389 740 dicam'
1424 703 1489 741 ve]
1525 703 1708 742 ‘dicere'.

447 776 470 811 5
500 786 592 811 VIDE
623 786 658 811 SI
688 786 799 811 SATIS
827 786 977 812 PLACET
1007 786 1087 811 non
1114 777 1270 820 ‘placet'
1298 777 1400 811 dixit
1425 778 1493 812 sed
1519 778 1632 813 ‘satis
1658 778 1797 822 placet'
1824 789 1886 815 ve-

393 830 470 865 luti
500 840 693 874 magnum
724 830 936 866 consilium
966 830 1240 874 praebiturus.

126 905 204 942 240
332 911 483 940 POTIUS
509 912 633 946 QUAM
660 912 820 940 VENIAS
848 912 893 940 IN
920 911 1171 940 PERICULUM
1199 903 1392 940 oratoria
1420 903 1747 950 comparatione
1773 905 1884 951 peio-

275 988 372 1016 rum
407 978 514 1017 dicit
547 979 627 1016 hoc
661 988 776 1027 esse,
813 978 925 1026 quod
958 979 1175 1025 suggerit,
1209 978 1473 1025 eligendum.

127 1059 201 1096 241
336 1057 354 1093 1
391 1066 612 1094 DIVIDUUM
645 1066 753 1093 FACE
787 1056 868 1094 hoc
902 1058 970 1093 est
997 1055 1210 1093 divide:
1235 1054 1376 1102 figura
1403 1055 1658 1106 μακρολογία.
1688 1057 1711 1094 2
1746 1056 1884 1094 Divi-

275 1131 435 1170 duum
469 1141 494 1169 a
525 1131 758 1179 divisione,
795 1131 1092 1169 dimidium
1129 1140 1153 1168 a
1186 1130 1460 1169 dimensione
1494 1131 1693 1172 dicimus,

125 1210 202 1247 242
333 1208 352 1244 1
382 1217 520 1245 MINAS
547 1217 688 1246 DECEM
716 1208 800 1245 scit
826 1207 950 1245 illum
982 1207 1137 1254 viginti
1165 1216 1294 1255 posse
1322 1207 1531 1255 accipere,
1554 1208 1628 1246 sed
1648 1208 1806 1247 idcirco
1824 1210 1887 1247 sic

275 1283 386 1332 agit,
431 1285 479 1321 ut
511 1285 630 1331 optet
661 1284 781 1331 leno,
817 1283 928 1331 quod
962 1283 1090 1331 paulo
1124 1285 1225 1322 ante
1258 1282 1449 1321 nolebat.
1484 1284 1507 1321 3
1543 1294 1765 1322 CORRADET
1798 1296 1886 1323 ALI-

271 1369 413 1398 CUNDE
445 1369 548 1397 nam
583 1369 661 1398 nec
689 1360 810 1407 ipsae
835 1359 878 1397 in
903 1361 1111 1407 promptu
1139 1360 1256 1397 sunt.
1287 1361 1310 1396 4
1339 1370 1380 1397 EI
1408 1370 1509 1397 MIHI
1532 1370 1667 1398 ETIAM
1685 1371 1739 1398 DE:
1757 1371 1888 1398 SORTE

279 1446 396 1474 NUNC
428 1446 557 1474 VENIo
590 1446 635 1473 IN
674 1446 845 1474 DUBIUM
877 1445 1008 1473 MISER
1040 1445 1161 1474 sors
1195 1437 1264 1473 est
1295 1446 1487 1483 summa,
1519 1436 1586 1473 cui
1616 1437 1889 1474 extrinsecus

279 1512 520 1569 acquiritur
552 1512 725 1560 faenus,
761 1522 862 1560 ergo
895 1514 1105 1550 sortem
1136 1512 1242 1550 dicit
1274 1512 1484 1564 pretium,
1514 1523 1596 1559 quo
1625 1515 1776 1560 empta
1803 1516 1889 1565 est,

278 1588 319 1626 id
362 1591 429 1626 est
463 1588 617 1635 viginti
651 1588 809 1627 minas.
844 1589 868 1626 5
902 1589 953 1626 Et
986 1588 1082 1627 vide
1115 1588 1239 1627 illum
1274 1588 1434 1627 damno
1467 1588 1719 1627 exclamare
1756 1599 1888 1636 quam

276 1664 451 1703 iniuria.

451 1737 475 1774 2
503 1739 550 1774 Et
579 1749 781 1776 ALICUNDE
810 1740 962 1776 dictum
992 1742 1055 1776 est
1085 1750 1163 1775 non
1193 1739 1394 1776 habentis.

131 1813 207 1849 243
334 1820 451 1849 NUNC
485 1821 613 1849 viimo
646 1821 692 1849 IN
726 1822 895 1850 DUBIUM
929 1812 970 1850 in
1005 1811 1263 1860 periculum,
1298 1811 1516 1859 Vergilius
1531 1813 1578 1856 (‘?)
1613 1810 1705 1850 ‘nec
1733 1812 1811 1850 tibi
1839 1812 1890 1851 de

278 1888 396 1925 sorte
428 1887 471 1925 in
503 1887 542 1926 d.
577 1888 626 1926 c.’

130 1968 208 2005 244
338 1965 358 2001 1
403 1973 544 2002 OMNES
582 1974 746 2006 DENTES
780 1975 1015 2003 LABEFECIT
1048 1964 1206 2002 iniuria
1239 1963 1384 2002 lenoni
1412 1966 1517 2002 tunc
1544 1963 1661 2002 dolet
1689 1974 1788 2002 cum
1821 1964 1888 2002 ad-

278 2039 427 2078 iuncta
468 2040 628 2079 damno
671 2042 761 2089 est,
805 2040 1072 2088 ‘accipienda
1114 2042 1158 2079 et
1200 2040 1494 2078 mussitanda'
1537 2040 1651 2081 (207)
1698 2050 1795 2078 cum
1847 2040 1888 2077 in

274 2117 460 2163 quaestu
478 2116 673 2165 videtur;
692 2117 851 2156 idcirco
869 2118 1141 2156 enumeratis
1159 2116 1439 2156 contumeliis
1457 2117 1590 2154 adicit
1608 2114 1724 2163 (246)
1744 2115 1889 2154 ‘etiarn

278 2192 455 2241 insuper
488 2193 717 2232 defraudat
727 2194 760 2232 ἴθ’

445 2267 469 2303 2
498 2264 566 2303 *Et
591 2268 690 2312 vide,
718 2270 761 2304 ut
787 2269 924 2304 eadem
951 2278 1053 2312 quae
1079 2277 1214 2312 supra,
1242 2269 1309 2304 sed
1337 2267 1544 2303 ardentius
1569 2268 1609 2302 et
1633 2276 1723 2302 cum
1749 2267 1889 2301 auxesi

395 2322 566 2367 repetat,
596 2322 652 2357 Sic
680 2324 720 2358 et
748 2322 950 2366 Vergilius
980 2322 1019 2357 in
1053 2322 1184 2357 maius
1212 2321 1370 2366 repetit⁷
1400 2323 1504 2365 quod
1532 2331 1612 2357 non
1638 2320 1761 2356 semel
1786 2321 1889 2355 dicit.

132 2395 208 2434 245
285 2374 289 2382 ¹
335 2403 548 2432 COLAPHIS
574 2405 718 2432 TUBER
743 2404 818 2432 EST
848 2404 992 2432 TOTUM
1025 2404 1165 2432 CAPUT
1196 2393 1347 2431 ‘tuber’
1378 2393 1460 2431 cibi
1485 2403 1621 2441 genus
1649 2394 1715 2430 est
1743 2391 1889 2430 collec-

277 2469 371 2507 tum
406 2479 460 2507 ex
493 2471 770 2508 tumentibus
797 2472 840 2509 et
866 2471 991 2517 quasi
1018 2469 1363 2518 praegnantibus
1391 2469 1587 2514 harenis;
1618 2468 1714 2516 plus
1742 2469 1886 2505 autem

279 2545 349 2583 hic
367 2555 498 2593 quam
517 2556 650 2594 supra
667 2547 780 2584 dixit
797 2547 912 2586 (199)
929 2546 1041 2594 ‘plus
1059 2546 1323 2594 quingentos
1342 2544 1548 2592 colaphos
1565 2544 1741 2591 infregit
1754 2543 1889 2580 mihi'.

100 2654 103 2655 ν
135 2626 210 2663 246
342 2623 361 2660 1
406 2633 542 2661 ΕΤΙΑΜ
579 2633 766 2661 INSUPER
798 2633 1062 2661 DEFRAUDAT
1096 2620 1260 2671 αὔξησις
1293 2623 1394 2669 apta
1425 2621 1571 2659 lenoni
1602 2630 1753 2667 avaro,
1788 2629 1889 2656 nam

276 2699 498 2737 honestior
525 2709 711 2747 persona
737 2709 823 2738 non
851 2699 968 2739 hunc
994 2699 1191 2738 ordinem
1218 2698 1393 2737 faceret.
1424 2698 1448 2735 2
1467 2707 1724 2735 DEFRAUDET
1742 2696 1891 2733 fraude

282 2775 481 2823 decipiat.
511 2776 535 2813 3
564 2784 774 2819 NUSQUAM
801 2785 913 2813 ΑΒΕΟ
942 2775 1022 2813 hoc
1050 2775 1216 2813 dictum
1246 2774 1334 2812 vim
1365 2773 1495 2810 habet
1513 2771 1888 2817 comminationis,

280 2851 365 2889 nisi
391 2850 496 2889 illud
524 2861 622 2889 cum
650 2852 906 2897 contemptu
924 2850 1165 2898 susceperit
1184 2850 1334 2897 Syrus.
1353 2850 1377 2886 4
1396 2859 1452 2886 UT
1469 2857 1593 2884 LIBET
1612 2846 1891 2893 neglegenter

282 2937 436 2966 servus
471 2927 722 2975 respondet,
758 2928 806 2964 ut
837 2928 1013 2974 rogetur
1047 2937 1071 2964 a
1103 2926 1273 2964 lenone.

186 3095 208 3138 ¹)
233 3095 382 3131 Wessn.
407 3098 626 3132 dubitanter
651 3097 810 3132 coniecit
834 3101 885 3131 ‘se
911 3096 1142 3132 inclinante'.
