2242 3443
126 406 200 441 796

126 556 198 592 797

139 1830 214 1866 799

144 2429 220 2465 800

146 2656 218 2692 801

958 151 1043 190 209

443 275 465 310 3
504 275 607 319 Ergo
646 275 753 311 velut
793 276 868 311 tria
906 277 1023 312 sunt:
1064 279 1107 311 ut
1138 278 1309 317 gratiam
1342 278 1448 313 ineat
1479 280 1517 313 et
1549 279 1635 313 sino
1665 280 1810 315 damno
1843 283 1881 315 et

395 329 491 364 mihi
521 329 660 373 prosit.

330 411 591 439 PAMPHILUM
634 411 743 438 VERE:
784 412 841 438 AB
883 412 931 439 SE
975 411 1245 439 SEGEEeAarT
1289 404 1460 450 proprie
1495 414 1519 440 a
1552 405 1777 442 meretrice
1811 416 1880 442 se-

272 477 493 524 gregari
526 476 685 514 dicitur
717 475 768 514 ab
802 486 938 514 uxore
971 476 1240 524 disiungi.

332 553 350 589 1
397 562 487 590 scm*
528 562 612 590 srssr
655 561 949 591 NOBILITATEM
993 561 1049 589 Ex
1090 562 1147 590 EA
1191 562 1244 590 RE
1279 562 1432 591 NATUM
1466 555 1589 601 quasi
1623 555 1736 593 dicat
1771 554 1883 593 ‘ecce

272 637 400 674 quam
446 627 614 665 amavit
657 627 945 675 Pamphilus',
984 627 1060 665 sed
1093 627 1173 666 hoc
1205 628 1370 667 sentire
1404 631 1447 667 et
1478 630 1619 668 dicere
1652 630 1788 678 patris
1821 634 1888 669 est

271 703 411 741 stulta
459 703 621 751 pietate
670 703 817 750 magni
865 702 1069 741 facientis
1117 701 1271 750 filium,
1317 707 1366 742 ut
1406 704 1553 744 (Andr.
1587 706 1682 749 185)
1726 706 1886 745 ‘meum

271 780 455 827 gnatum
489 788 637 816 rumor
671 780 738 816 est
770 774 947 816 amare'.
977 778 1002 816 2
1031 777 1083 816 Et
1110 780 1282 827 proprie
1310 778 1616 819 ‘nobilitatem'
1645 781 1767 830 dixit,
1788 793 1887 820 nam

275 856 317 892 et
357 854 569 892 meretrix
612 855 653 892 et
697 853 911 901 gladiator
955 853 1169 893 nobilis
1212 854 1296 893 dici
1329 855 1456 894 solet.
1491 857 1516 893 4
1550 866 1605 894 Ex
1638 867 1690 895 Eo
1724 858 1792 895 ‘ex
1826 859 1889 895 eo‘

275 932 423 970 utrum
458 940 513 968 ex
546 929 806 977 Pamphilo?
839 939 892 967 an
928 929 996 968 ‘ex
1025 931 1089 968 eo’
1120 941 1175 969 ex
1204 941 1255 969 ea
1283 941 1341 980 re,
1372 931 1413 970 id
1441 934 1509 970 est
1541 933 1681 979 quod
1715 943 1891 981 segre-

277 1006 504 1055 gaverit
538 1015 664 1044 vere
698 1015 723 1043 a
754 1015 810 1043 se
845 1005 1233 1053 Pamphilum?
1266 1008 1290 1045 5
1321 1006 1372 1045 Et
1400 1008 1481 1046 hoc
1508 1010 1579 1046 est
1598 1009 1768 1058 melius,
1789 1020 1890 1048 narn

277 1081 435 1121 nobilis
467 1082 711 1121 meretricis
744 1084 811 1120 est
844 1091 927 1120 non
962 1081 1131 1130 timere,
1167 1092 1220 1120 ne
1248 1082 1438 1121 alterum
1468 1093 1552 1121 non
1582 1085 1789 1132 inveniat,
1820 1088 1895 1124 aut

277 1157 441 1197 nobilis
473 1159 539 1196 est
573 1157 797 1205 cognitam
828 1155 921 1195 fieri
949 1157 1084 1196 etiam
1112 1158 1305 1197 senibus.
1336 1160 1360 1197 6
1389 1168 1477 1198 REM
1509 1169 1664 1198 NATAM
1682 1171 1734 1199 ex
1755 1164 1896 1209 patro-

279 1234 391 1273 cinio
425 1234 469 1272 et
499 1233 697 1272 amicitia
727 1233 869 1279 senis;
903 1242 1100 1272 GLORIAM
1132 1243 1185 1271 ex
1219 1233 1335 1272 facto
1370 1245 1467 1273 raro
1500 1235 1542 1274 in
1577 1237 1895 1276 meretricibus

279 1311 302 1349 7
337 1320 388 1348 ΕΤ
420 1319 509 1348 REM
541 1319 695 1347 NATAM
729 1309 831 1356 quia
864 1308 1004 1347 multa
1036 1309 1078 1347 in
1112 1319 1210 1347 eam
1243 1310 1449 1358 contulit;
1479 1321 1530 1349 ET
1558 1320 1753 1351 GLORIAM
1783 1322 1894 1361 ESSE,

278 1386 381 1434 quia
413 1385 607 1424 defendit
640 1394 739 1423 eum
773 1384 887 1433 apud
921 1394 1097 1423 soceros
1130 1388 1174 1423 et
1206 1395 1404 1425 uxorem.
1441 1390 1494 1434 (a)

452 1459 474 1496 3
513 1469 595 1495 sorr
635 1469 714 1495 SIBI
751 1460 858 1504 quod
896 1458 1019 1495 nimis
1057 1461 1180 1505 amat,
1209 1459 1266 1496 ait
1298 1459 1588 1497 ‘nobilitatem’.
1621 1461 1642 1497 7
1673 1472 1697 1496 α
1725 1464 1764 1498 et
1793 1463 1896 1506 quod

397 1514 541 1550 marito
571 1513 765 1550 meretrix
795 1514 1009 1558 coniugem
1038 1514 1178 1549 reddit.

1005 1662 1045 1700 3.

345 1825 364 1861 1
408 1832 571 1861 EDEPOL
613 1831 669 1860 NE
709 1832 835 1860 MEAM
878 1831 987 1860 ERUs
1019 1821 1240 1870 <ESSE>
1272 1832 1448 1861 OPERAM
1480 1832 1679 1861 DEPUTAT
1712 1833 1749 1862 P.
1784 1834 1820 1862 P.
1854 1824 1896 1861 in

283 1900 377 1937 tota
417 1897 564 1936 fabula
605 1898 685 1936 hac
716 1908 874 1936 servus
906 1898 1027 1945 piger
1059 1899 1103 1936 et
1133 1898 1333 1936 curiosus
1365 1898 1584 1937 inducitur
1616 1908 1755 1945 neque
1787 1899 1897 1946 quic-

286 1985 416 2024 quam
448 1973 512 2012 illi
545 1975 697 2012 evenit·
726 1985 780 2013 ex
812 1974 1032 2012 sententia
1063 1984 1156 2013 sua.
1186 1975 1210 2012 2
1238 1984 1403 2013 EDEPoL
1431 1985 1486 2013 NE
1514 1984 1640 2013 MEAM
1659 1975 1738 2013 hoc
1754 1976 1896 2012 totum

287 2061 312 2089 a
353 2049 660 2089 stomachante
701 2050 857 2088 dicitur
899 2050 1023 2097 quasi
1067 2050 1139 2097 qui
1181 2060 1297 2088 nunc
1329 2060 1429 2088 cum
1464 2051 1658 2089 maxime
1691 2050 1897 2088 iniuriam

286 2127 566 2176 persenserit.
615 2126 639 2165 3
682 2136 845 2164 EDEPOL
887 2135 943 2164 NE
985 2135 1112 2164 MEAM
1154 2126 1196 2164 in
1240 2126 1322 2164 hac
1355 2135 1515 2164 scaena
1545 2126 1798 2176 καταστροφή
1831 2135 1898 2174 po-

287 2202 386 2251 pulo
419 2202 665 2251 exponitur.
701 2203 726 2240 5
760 2211 956 2241 DEPUTAT
989 2211 1121 2240 PARVI
1154 2202 1227 2249 qui
1261 2201 1441 2250 deputat
1467 2211 1562 2240 earn
1593 2202 1635 2239 in
1665 2211 1709 2239 re
1737 2200 1899 2239 nullius

287 2278 415 2327 pretii
447 2277 811 2318 consumendam.

459 2352 483 2387 4
512 2362 697 2388 DEPUTAT
724 2361 846 2387 PARVI
874 2361 992 2387 PRETI
1019 2351 1112 2395 quia
1141 2350 1290 2387 scilicet
1319 2351 1375 2386 sio
1403 2351 1596 2388 abutitur.

350 2426 367 2462 1
414 2434 610 2462 FRUSTRA
650 2434 724 2462 UBI
756 2433 901 2461 'ro‘rUM
934 2432 1087 2461 DESEDI
1117 2433 1225 2462 DIEM
1257 2423 1378 2461 deest
1412 2422 1557 2469 ‘illuc’,
1591 2424 1637 2460 ut
1669 2423 1748 2460 sit:
1782 2421 1897 2473 illuc,

292 2500 364 2538 ubi
403 2500 569 2539 frustra
610 2502 753 2538 totum
787 2499 934 2537 desedi
967 2499 1096 2537 diem.
1132 2499 1155 2536 2
1190 2509 1343 2537 DESEDI
1377 2509 1483 2537 DIEM
1516 2500 1617 2536 nota
1649 2498 1897 2537 accusativo

292 2585 396 2614 casu
428 2586 556 2614 usum
590 2586 701 2614 esse.

352 2653 372 2689 1
418 2661 647 2690 MYcomUM
689 2660 905 2689 HOSPITEM
937 2660 1030 2689 DUM
1062 2660 1276 2689 EXSPEGTO
1309 2650 1562 2688 memoriter
1594 2651 1636 2687 et
1668 2648 1899 2696 vigilanter

291 2737 445 2766 servus
472 2727 735 2775 ‘Myconium
762 2726 995 2775 hospitem'
1024 2728 1066 2765 et
1092 2725 1451 2766 ‘Callidemidem‘
1470 2725 1592 2772 dixit,
1611 2734 1663 2762 ne
1682 2724 1899 2762 videretur

293 2803 573 2851 neglegentia
616 2803 684 2841 vel
726 2802 942 2841 oblivione
984 2811 1064 2840 sua
1104 2812 1189 2840 non
1221 2801 1455 2848 invenisse,
1489 2801 1540 2838 ad
1574 2809 1701 2846 quem
1737 2799 1901 2837 missus

295 2881 374 2919 est.
419 2879 444 2917 2
496 2888 727 2917 MYCONIUM
768 2887 985 2917 HOSPITEM
1027 2877 1134 2916 bene
1177 2877 1368 2916 ostendit
1408 2886 1456 2914 se
1488 2884 1724 2914 memorem
1759 2874 1900 2921 signo·

294 2964 391 2992 rum
435 2955 478 2992 et
518 2954 762 3002 nominum,
806 2955 854 2991 ut
896 2963 996 2991 vere
1033 2953 1230 2992 videatur
1262 2952 1417 2991 illusus
1448 2961 1558 2999 esse,
1592 2960 1688 2989 cum
1722 2959 1897 2997 operam

295 3029 475 3068 dederit.

187 3105 346 3133 masniz,
364 3098 454 3127 Com.
472 3098 553 3126 Don.
1748 3094 1793 3120 14·
