2242 3443
149 990 224 1025 790

151 2662 224 2698 791

151 2738 225 2774 792

151 2963 226 3000 793

1007 171 1061 210 95

290 300 384 337 tum
419 300 584 346 auctos,
618 299 666 336 ut
699 298 787 335 iam
822 307 1015 336 crescere
1048 308 1132 335 uon
1168 297 1359 345 possint:
1389 296 1545 345 quippo
1575 296 1615 334 in
1645 296 1768 335 initio
1796 296 1912 335 fabu-

291 373 358 412 lae
402 376 575 413 tantum
620 374 761 412 tristis
805 375 872 412 est
911 373 1088 421 Demea,
1135 383 1236 411 nam
1287 373 1350 411 sic
1392 372 1515 410 audit
1558 384 1581 410 a
1614 372 1796 411 Micionc
1830 374 1914 415 (83)

298 449 412 497 ‘quid
456 450 599 489 tristis
632 450 723 488 es?’
757 450 800 488 et
832 449 924 497 ipse
960 447 1101 496 ‘rogas
1133 459 1217 497 me,
1254 448 1326 487 ubi
1358 447 1483 487 nobis
1516 448 1764 486 Aeschinus
1797 448 1914 486 siet?

297 525 397 572 quid
430 525 573 564 tristis
606 535 685 573 ego
718 525 802 563 sim
815 525 849 563 ?'
879 524 978 563 inde
1006 523 1168 562 Demea
1195 524 1389 572 procedit
1415 523 1459 562 in
1486 523 1612 571 peius
1638 524 1759 572 adeo,
1788 526 1835 562 ut
1852 524 1915 561 sic

296 600 477 650 incipiat
510 602 626 646 (355)
661 599 871 649 ‘disperiil
907 599 1215 648 Ctesiphonem
1250 600 1397 638 audivi
1426 598 1565 637 filium
1594 609 1681 638 una
1706 600 1842 638 fuisse
1868 600 1911 637 in

295 677 490 725 raptione
534 688 632 716 cum
676 677 924 725 Aeschino’,
970 676 1070 715 inde
1101 678 1254 724 postea
1286 676 1392 714 dicit
1423 677 1538 716 (540)
1573 675 1639 714 ‘ne
1673 686 1749 723 ego
1782 676 1913 714 homo

294 763 394 791 sum
428 753 608 801 infelix’,
639 753 691 791 ad
720 755 991 801 postremum
1026 752 1075 790 ‘ei
1105 752 1234 791 mihi!
1265 752 1365 799 quid
1393 751 1584 790 faciam?
1608 751 1709 799 quid
1735 761 1864 799 agam
1878 752 1911 789 ‘?’

296 830 340 867 et
371 829 559 868 naturali
592 829 779 876 quodam
815 829 943 867 modo
976 831 1208 877 postquam
1240 838 1446 867 summus
1478 828 1596 867 furor
1629 828 1681 866 ad
1712 830 1912 866 extrema

294 906 507 954 pervenit,
541 907 719 953 repente
751 914 885 943 senex
919 906 1120 943 mutatur
1153 906 1196 943 et
1226 904 1350 942 mitis
1383 906 1463 942 est.

357 987 375 1023 l
406 995 429 1023 o
456 995 631 1023 CAELUM
659 995 683 1023 o
711 994 854 1022 TERRA
877 994 900 1023 o
918 994 1062 1022 MARIA
1081 994 1271 1022 NEPTUNI
1288 983 1399 1031 quod
1419 983 1592 1022 medius
1611 983 1668 1021 sit
1686 982 1912 1031 Neptunus

292 1061 407 1099 inter
435 1060 604 1099 caelum
629 1062 672 1098 et
690 1050 984 1106 inferos‚dum
1004 1061 1230 1107 utriusque
1249 1060 1374 1107 regni
1392 1059 1611 1107 particeps
1629 1061 1709 1106 est,
1730 1059 1913 1097 habetur

293 1136 613 1175 elementorum
632 1137 772 1184 potior
790 1136 1002 1184 omnium,
1017 1146 1120 1174 nam
1135 1136 1230 1174 ideo
1244 1135 1481 1174 tridentem
1496 1135 1628 1174 habet
1639 1145 1716 1184 pro
1729 1145 1912 1173 numero

293 1213 428 1251 trium
457 1213 789 1262 elementorum,
820 1216 863 1252 et
890 1214 1003 1262 apud
1035 1213 1276 1261 Vergilium
1305 1213 1463 1251 idcirco
1492 1213 1596 1250 dicit
1613 1214 1734 1256 (Aen.
1759 1213 1911 1257 1.133)

293 1288 397 1327 ‘iam
425 1289 595 1328 caelum
614 1291 864 1337 terramque
883 1300 940 1328 m.
959 1300 994 1328 s.
1014 1299 1069 1337 n.,
1090 1299 1148 1337 u.,
1166 1289 1241 1327 m.’
1261 1290 1304 1327 et
1321 1288 1433 1336 apud
1452 1288 1695 1327 Homerum
1716 1289 1778 1326 sic
1795 1288 1910 1327 idem

297 1365 358 1411 (Il.
382 1367 448 1405 15.
471 1366 567 1410 193)
591 1362 704 1416 (γαῖα
737 1361 770 1404 δ’
805 1365 860 1404 ἔτι
891 1364 992 1414 ξυνὴ
1025 1365 1186 1403 πάντων
1218 1363 1284 1402 καὶ
1318 1362 1467 1415 μακρὸς
1486 1359 1724 1413 ”Ολυμπος’.
1747 1386 1797 1391 ——
1820 1365 1843 1402 2
1863 1363 1913 1402 EC

296 1442 379 1481 hoc
422 1444 502 1490 est,
546 1442 657 1490 quod
700 1443 762 1481 ait
803 1442 1016 1481 Horatius
1058 1442 1102 1480 in
1145 1442 1239 1479 arte
1281 1441 1452 1489 poetica
1483 1444 1538 1485 (v.
1573 1439 1644 1481 93)
1678 1440 1913 1479 ‘interdum

293 1519 444 1557 tamen
476 1520 520 1557 et
552 1528 705 1557 vocem
735 1518 960 1557 comoedia
986 1517 1131 1556 tollit’.
1160 1539 1217 1543 —
1242 1515 1269 1558 3
1297 1517 1345 1554 In
1373 1517 1481 1555 haec
1508 1516 1627 1555 enim
1656 1517 1740 1555 tria
1767 1526 1913 1555 rerum

293 1594 454 1643 natura
486 1593 706 1642 dividitur,
741 1596 790 1632 ut
821 1592 962 1641 (Verg.
981 1593 1089 1632 Aen.
1112 1594 1148 1631 1.
1169 1593 1237 1634 58)
1272 1591 1497 1641 ‘principio
1531 1593 1670 1630 maria
1696 1602 1745 1631 ac
1773 1594 1914 1631 terras

295 1678 329 1708 c,
378 1671 447 1717 p.'‚
492 1670 536 1708 et
577 1680 651 1718 per
692 1670 773 1708 hoc
815 1671 959 1709 totum
1002 1669 1217 1708 mundum
1263 1669 1502 1708 accusavit.
1547 1669 1571 1706 4
1614 1679 1637 1707 o
1681 1679 1856 1707 CAELUM
1888 1679 1911 1707 o

295 1755 438 1783 TERRA
479 1755 502 1784 o
544 1755 689 1784 MARiA
731 1756 923 1785 NEPTUNI
966 1749 1116 1786 utrum
1159 1746 1211 1784 de
1254 1755 1304 1784 eo
1336 1745 1556 1784 elementa
1588 1745 1778 1792 invocat,
1812 1745 1914 1792 quia

293 1822 358 1860 dis
391 1832 560 1870 quoque
587 1823 794 1861 irascitur
821 1823 893 1870 qui
921 1824 964 1861 in
994 1823 1063 1861 his
1091 1825 1435 1870 commorantur,
1464 1823 1513 1860 ut
1539 1821 1738 1860 dolentes
1755 1820 1911 1869 solent,

293 1908 362 1947 an,
410 1899 512 1946 quia
553 1899 660 1937 deos
702 1908 799 1937 esse
832 1908 919 1937 non
952 1899 1089 1947 putat,
1124 1899 1219 1937 ideo
1253 1898 1360 1936 haec
1392 1898 1541 1936 omnia
1572 1897 1762 1946 Neptuni
1795 1897 1911 1949 dicit,

295 1974 418 2021 quasi
464 1974 661 2013 dicturus
690 1977 823 2013 esset
865 1974 1068 2023 ‘Neptuni
1110 1973 1247 2023 fiant’‚
1288 1974 1371 2012 nisi
1404 1974 1696 2013 intercederet
1727 1982 1913 2022 persona

296 2050 508 2100 Micionis,
551 2060 682 2098 quem
723 2051 876 2089 videns
919 2051 972 2089 ad
1015 2050 1132 2089 aliud
1176 2060 1417 2090 conversus
1459 2050 1589 2089 desiit
1621 2050 1837 2088 diluvium
1871 2051 1914 2086 et

294 2125 524 2165 interitum
567 2126 698 2165 rebus
735 2128 886 2175 optare
919 2126 1089 2166 obiecto
1123 2127 1270 2174 fratre,
1305 2127 1374 2165 cui
1405 2127 1603 2165 maxime
1635 2126 1838 2164 irascitur
1869 2126 1912 2162 et

290 2204 465 2250 propter
496 2212 627 2250 quem
656 2202 962 2241 detestabatur
988 2203 1168 2250 omnia?
1196 2202 1284 2241 tale
1313 2205 1380 2241 est
1407 2203 1522 2250 apud
1547 2202 1788 2250 Vergilium
1807 2200 1909 2245 (Ecl.

296 2276 334 2316 8.
356 2277 426 2322 58)
471 2276 635 2316 ‘omnia
676 2277 746 2316 vel
794 2277 988 2316 medium
1031 2276 1108 2316 fiat
1150 2278 1310 2325 mare’;
1355 2288 1409 2316 an
1453 2278 1604 2316 omnia
1636 2279 1826 2324 accusat,
1863 2278 1912 2314 ut

292 2351 576 2401 indignantes
619 2353 796 2392 solent?
840 2356 889 2392 ut
930 2353 1073 2402 (Verg.
1093 2355 1200 2393 Aen.
1223 2355 1261 2393 2.
1282 2354 1382 2396 745)
1417 2353 1561 2402 ‘quem
1594 2364 1680 2393 non
1714 2354 1910 2392 incusavi

296 2438 450 2467 amens
476 2429 794 2477 hominumque
821 2429 1088 2477 deorumque
1100 2430 1133 2468 ?'
1162 2432 1205 2469 et
1221 2428 1325 2476 (Ecl.
1346 2431 1384 2468 5.
1405 2430 1477 2473 23)
1497 2428 1640 2476 ‘atque
1658 2428 1761 2466 deos
1780 2428 1910 2474 atque

298 2513 336 2543 a.
379 2514 419 2543 u.
463 2515 497 2544 c.
542 2506 616 2544 m.’
666 2507 690 2544 5
733 2516 793 2544 EM
834 2516 922 2544 ‘rrssr
964 2512 1014 2558 τῷ
1056 2505 1296 2559 ῑὸιωτισμῷε
1341 2506 1451 2545 nulli
1492 2505 1609 2544 enim
1645 2503 1750 2542 ‘tibi’
1785 2503 1910 2542 Micio

297 2579 502 2627 loquitur.

355 2669 399 2697 ID
431 2669 549 2698 NUNC
582 2670 756 2701 CLAMAT
790 2660 858 2699 ‘id’
893 2661 945 2699 ob
978 2661 1033 2700 id.

356 2736 376 2772 1
410 2745 615 2774 PARATAE
647 2747 768 2776 erns
802 2737 976 2775 videtur
1007 2739 1052 2775 et
1084 2738 1176 2786 ipse
1209 2738 1488 2784 pertimuisse
1520 2735 1700 2775 dicendo
1729 2733 1910 2773 ‘scilicet

294 2812 472 2858 paratae
503 2812 635 2861 lites’‚
670 2813 745 2851 sed
781 2814 828 2850 ut
859 2823 1012 2851 rursus
1039 2813 1271 2852 confirmet
1298 2823 1345 2851 se
1371 2814 1533 2861 ipsum,
1554 2810 1908 2850 ‘succurrendum

296 2887 377 2924 est’
410 2887 484 2936 ait,
520 2889 544 2925 2
579 2890 622 2927 et
653 2898 1004 2927 SUCCURRENDUM
1038 2888 1289 2938 Ctesiphoni
1322 2889 1503 2927 scilicet.

356 2963 376 3000 1
411 2973 636 3002 oomMums
669 2974 950 3003 CORRUPTELA
982 2974 1186 3003 NOSTRUM
1218 2964 1290 3012 qui
1320 2964 1614 3003 communiter
1641 2962 1795 3000 ambos
1822 2970 1909 2999 cor·

297 3038 471 3086 ruperit.
516 3040 540 3077 2
583 3049 808 3078 COMMUms
851 3049 1133 3079 CORRUPTELA
1178 3049 1381 3078 NOSTRUM
1423 3048 1617 3077 LIBERUM
1659 3038 1799 3075 maior
1841 3038 1908 3075 est
