2242 3443
171 1458 190 1492 l

735 848 1371 944 HECYRA

842 1161 1268 1213 PROLOGUS

1044 1320 1062 1358 I

322 1454 340 1490 1
382 1462 557 1491 HECYRA
590 1463 664 1491 EST
698 1463 804 1491 Hmo
836 1463 984 1491 NOMEN
1018 1463 1222 1492 FABULAE
1255 1463 1280 1491 a
1311 1453 1490 1492 nomine
1523 1453 1677 1501 coepit,
1711 1454 1760 1491 ut
1792 1452 1932 1500 incog-

258 1529 399 1566 nitam
432 1528 633 1576 probaret
665 1530 710 1567 θῖ
740 1529 837 1567 ideo
870 1529 1175 1577 spectandam.
1211 1529 1234 1566 2
1269 1539 1447 1567 HECYRA
1479 1538 1554 1566 EST
1587 1539 1630 1566 H.
1666 1538 1706 1566 N.
1736 1539 1772 1567 E.
1801 1528 1936 1566 nomi-

256 1604 406 1643 nativo
449 1614 551 1643 casu
595 1603 814 1653 figuravit,
851 1615 950 1643 oum
984 1605 1027 1642 in
1061 1615 1142 1643 usu
1175 1605 1246 1653 sit,
1281 1606 1329 1643 ut
1361 1604 1509 1643 dativo
1542 1604 1755 1652 dicamus,
1789 1614 1938 1652 quam-

254 1680 322 1718 vis
362 1681 537 1728 praesto
580 1680 668 1718 sint
712 1681 930 1729 exempla,
975 1681 1132 1729 quibus
1175 1683 1348 1719 veteres
1389 1691 1466 1729 per
1497 1690 1653 1718 omnes
1683 1680 1774 1719 fere
1806 1690 1936 1719 Casus

256 1755 337 1794 hoc
384 1765 523 1804 genus
564 1755 801 1795 locutionis
844 1756 1151 1795 enuntiabant.
1197 1759 1221 1795 3
1264 1766 1441 1795 HEOYRA
1485 1767 1559 1795 EST
1601 1767 1645 1795 H.
1680 1766 1721 1795 N.
1755 1767 1792 1795 F.
1827 1757 1935 1797 haec

254 1831 395 1879 primo
428 1831 531 1870 data
564 1833 632 1870 est
657 1832 752 1871 sine
780 1832 957 1881 prologo
984 1832 1100 1871 ludis
1128 1833 1462 1882 Megalensibus,
1492 1844 1600 1882 quos
1618 1834 1780 1873 Sextus
1797 1834 1935 1873 Iulius

254 1910 297 1945 et
325 1906 551 1946 Cornelius
578 1907 804 1947 Dolabella
831 1908 1074 1957 ediderunt,
1104 1909 1180 1947 sed
1208 1912 1419 1957 occupato
1442 1910 1588 1958 populi
1606 1911 1751 1949 studio
1766 1911 1934 1959 <in>

252 1982 525 2021 funambulis
548 1983 792 2031 displi'ouit;
812 1986 910 2032 post
927 1985 1068 2023 denuo
1087 1984 1189 2023 data
1207 1986 1274 2023 est
1292 1985 1406 2023 ludis
1423 1985 1677 2024 funebribus
1694 1986 1739 2025 L.
1759 1986 1935 2025 Aemilii

255 2059 392 2108 Pauli,
437 2069 544 2107 quos
585 2059 784 2100 fecerunt
817 2060 862 2108 Q.
896 2060 1056 2099 Fabius
1090 2061 1311 2100 Maximus
1343 2063 1385 2100 θῖ
1416 2061 1643 2101 Cornelius
1675 2062 1930 2109 Africanus;

254 2136 360 2174 tuno
392 2145 563 2183 quoque
597 2146 683 2175 non
710 2138 887 2184 peracta
915 2138 983 2175 est
1009 2147 1085 2185 per
1112 2137 1307 2176 studium
1336 2137 1483 2186 populi
1511 2138 1624 2176 Circa
1647 2138 1932 2186 gladiatores;

255 2210 386 2249 tertio
433 2211 486 2249 ad
534 2213 806 2259 postremum
850 2212 1102 2251 introducta
1145 2212 1190 2261 Q.
1233 2212 1386 2252 Fulvio
1429 2213 1474 2251 L.
1517 2213 1677 2253 Marcio
1720 2213 1932 2253 aedilibus

254 2286 417 2324 virtute
459 2287 622 2326 actoris
664 2287 710 2327 L.
744 2287 939 2326 Ambivii
971 2287 1203 2336 Turpionis
1235 2290 1303 2327 θεῖ
1336 2289 1661 2328 commendata.
1696 2292 1720 2327 4
1755 2299 1931 2328 HECYRA

253 2359 327 2400 E'ST
371 2372 416 2400 H.
460 2372 500 2401 Ν.
534 2374 571 2401 F.
606 2364 728 2402 totus
760 2363 830 2401 hio
861 2363 1067 2412 prologus
1099 2364 1308 2403 subtilem
1342 2365 1702 2413 conquestionem
1737 2365 1932 2403 continet

254 2437 307 2476 ob
340 2439 434 2487 hoc,
469 2449 521 2477 ne
555 2440 704 2487 aperte
736 2438 945 2487 populum
978 2439 1205 2487 neglectae
1233 2440 1405 2479 fabulae
1433 2450 1556 2479 reum
1584 2440 1717 2479 faciat
1744 2442 1787 2479 et
1805 2440 1932 2479 facile

253 2516 430 2553 revocet
472 2515 516 2553 in
549 2514 760 2553 favorem.
795 2516 819 2552 5
852 2525 969 2553 HAEC
1002 2525 1090 2553 CUM
1123 2526 1238 2555 DATA
1274 2527 1349 2554 EST
1382 2526 1500 2554 NOVA
1532 2516 1593 2554 ita
1625 2516 1782 2554 dicitur
1816 2515 1931 2554 ‘data

249 2590 318 2627 θεῖ
350 2589 525 2639 fabula’,
560 2593 608 2628 ut
641 2586 758 2628 ‘data
791 2600 899 2629 Cena
931 2592 1013 2629 θεῖ’
1043 2593 1087 2630 θῖ
1115 2591 1281 2631 ‘datum
1310 2594 1379 2631 est
1407 2592 1668 2640 prandium'.
1697 2595 1750 2638 (a)
1770 2593 1793 2630 6
1812 2602 1929 2630 HAEC

253 2673 341 2702 CUM
374 2675 492 2703 DATA
519 2676 594 2704 EST
623 2676 740 2704 novA
768 2676 920 2704 NOVUM
948 2677 1211 2706 INTERVENIT
1239 2668 1302 2707 sio
1329 2670 1372 2706 θῖ
1399 2668 1622 2706 Homerus
1649 2667 1739 2706 (Od.
1768 2668 1837 2705 24.
1858 2668 1927 2712 40)

248 2738 366 2777 6κεῖσο
394 2738 514 2791 μέγας
541 2741 764 2792 μεγαλωστί
788 2740 1026 2791 λελασμένος
1054 2739 1345 2782 ἵπποσυνάων’.
1377 2745 1399 2782 7
1427 2743 1480 2782 Et
1497 2744 1590 2782 dari
1609 2744 1764 2783 dicitur
1781 2743 1928 2782 fabula

253 2824 352 2853 cum
400 2816 559 2865 agitur,
609 2818 765 2856 stare
813 2827 913 2856 Cum
956 2817 1114 2867 placet.
1158 2819 1183 2857 8
1226 2829 1342 2858 HAEC
1385 2829 1471 2857 CUM
1515 2830 1554 2857 D.
1599 2830 1635 2857 E.
1671 2829 1713 2856 N.
1746 2829 1787 2857 N.
1823 2829 1850 2857 1.
1886 2829 1925 2858 ν.

253 2889 477 2940 σύλλημψις
525 2892 689 2940 prima:
739 2893 861 2932 deest
908 2894 1025 2932 enim
1074 2893 1217 2943 ‘huic',
1267 2897 1310 2933 θῖ
1358 2896 1425 2934 θεῖ
1466 2893 1605 2943 figura
1646 2893 1925 2944 παρονομασία

255 2964 383 3004 ‘nova
415 2968 611 3006 novum’.

485 3041 508 3077 5
538 3051 563 3076 α
591 3042 631 3077 et
660 3041 782 3078 edidit
811 3051 834 3078 a
863 3043 955 3079 dato
985 3043 1206 3081 descendit.
