2242 3443
137 536 209 572 717

137 687 212 723 718

139 1531 214 1567 719

139 1682 214 1720 720

143 2452 214 2488 721

991 232 1044 269 87

400 353 436 388 5.
476 354 524 388 Et
561 353 681 388 simul
721 353 796 388 hoc
833 353 967 396 ipsum
1004 355 1045 389 et
1074 364 1096 388 a
1126 363 1166 389 re
1195 355 1236 389 et
1264 363 1285 388 a
1316 363 1506 397 persona:
1538 365 1560 389 a
1588 365 1629 389 re
1659 354 1765 389 ‘nihil
1794 365 1884 390 esse

400 407 631 452 proprium',
669 417 691 443 a
728 416 900 451 persona
934 407 1155 450 ‘cuiquam’.
1194 408 1228 442 6.
1267 417 1470 443 PROPRIUM
1513 410 1765 452 perpetuum,
1805 418 1882 443 non

398 460 619 505 temporale
648 470 693 496 ac
721 462 923 496 mutuum.

339 542 526 571 SUMMUM
552 542 702 571 BONUM
728 543 828 571 ESSE
855 532 1035 581 mirum,
1065 533 1177 581 quod
1205 533 1331 582 pleno
1350 535 1392 572 et
1411 536 1564 573 neutro
1583 534 1741 573 extulit
1760 533 1885 572 ‘sum-

282 618 404 646 mum
437 608 598 647 bonum
619 638 628 647 .
647 638 656 648 .
677 638 685 648 .
720 608 1028 657 Pamphilum’.

343 685 362 722 1
406 694 578 722 AMicUM
609 694 653 725 A.
686 695 726 723 v,
760 684 974 723 amicus
1008 684 1145 723 animi
1178 685 1264 733 est,
1300 686 1521 724 amator
1553 685 1763 734 corporis:
1798 695 1882 723 non

283 759 398 797 enim
441 760 648 798 continuo
689 761 859 798 amator
903 762 945 798 et
985 759 1094 798 bene
1136 759 1248 808 vult,
1292 762 1340 798 ut
1372 760 1478 798 Dido
1512 761 1677 798 amavit
1709 761 1881 808 quidem

281 835 494 883 Aeneam,
536 835 612 873 sed
653 845 738 874 non
781 837 824 874 et
856 835 998 874 amica
1028 835 1127 883 fuit,
1162 846 1270 883 quae
1303 835 1365 873 ait
1399 836 1497 873 ‘non
1530 837 1661 883 potui’
1694 838 1794 874 cett.
1829 838 1881 879 (4.

282 911 381 950 600)
421 913 465 949 et
497 911 610 949 idem
645 910 842 950 Catullus
876 911 1004 959 ‘cogit
1037 921 1184 950 amare
1217 912 1380 960 magis,
1414 912 1487 950 sed
1521 912 1628 950 bene
1661 911 1771 950 velle
1804 911 1883 949 mi-

284 987 381 1025 nus’
414 990 464 1029 (c.
503 987 627 1027 728).
662 988 714 1026 (α)
749 988 773 1026 3
807 997 853 1024 IN
886 997 1039 1032 QUov1s
1070 997 1173 1025 Loco
1200 997 1411 1025 PARATUM
1439 985 1667 1035 ‘paratum'
1694 987 1804 1025 dixit
1830 987 1882 1024 ad

283 1073 437 1101 omnes
469 1062 671 1111 affectus,
700 1063 964 1110 quicumque
991 1063 1040 1101 de
1067 1063 1269 1111 proximo
1292 1058 1320 1108 ¹)
1348 1072 1443 1101 esse
1460 1064 1665 1110 possunt,
1686 1064 1730 1100 et
1747 1062 1881 1100 maxi-

282 1148 351 1177 me
384 1138 437 1177 ad
470 1138 749 1177 Homericam
781 1139 1050 1177 sententiam
1083 1139 1278 1187 respexit
1313 1135 1467 1186 *Ἕκτορ
1501 1136 1596 1187 ἀτὰρ
1629 1137 1677 1176 σύ
1710 1137 1778 1186 μοι’
1802 1136 1882 1175 ἐσσι

282 1212 409 1263 πατὴρ
436 1212 500 1251 καὶ
527 1213 668 1252 πότνια
696 1213 823 1264 μήτηρ
846 1211 916 1264 ἠδὲ
942 1213 1192 1265 κασίγνητος,
1213 1213 1262 1252 σὺ
1290 1211 1333 1252 δέ
1355 1228 1421 1263 μοι
1447 1212 1618 1264 θαλερὸς
1635 1209 1888 1263 παρακοίτης’

282 1290 344 1329 (ΙΙ.
380 1291 418 1329 6.
451 1290 566 1329 429).

458 1365 476 1399 1
509 1375 533 1400 α
561 1366 601 1400 et
633 1367 694 1401 est
725 1365 896 1401 officium
929 1366 969 1400 et
998 1364 1328 1400 blandimentum.
1362 1364 1381 1396 2
1414 1360 1435 1382 ²¹⁸
1466 1363 1723 1399 ‘Amatorem’
1752 1363 1792 1398 et
1821 1362 1885 1396 ‘vi-

401 1418 504 1453 rum'
529 1419 628 1454 dixit
653 1420 701 1455 ad
727 1419 1026 1464 discretionem,
1051 1420 1095 1454 ut
1119 1428 1190 1463 per
1213 1428 1259 1454 ea
1283 1427 1384 1461 quae
1409 1418 1618 1453 enumerat
1646 1417 1883 1452 maritum

404 1473 646 1508 ostenderet.

344 1528 364 1565 1
398 1538 546 1566 VERUM
591 1538 645 1566 Ex
686 1538 737 1566 Εο
770 1528 812 1566 id
845 1530 913 1567 est
946 1526 1189 1575 Pamphilo.
1226 1527 1249 1564 2
1284 1536 1399 1564 NUNC
1432 1536 1594 1564 MISERA
1625 1534 1741 1570 QUEM
1776 1535 1810 1563 c.
1844 1535 1884 1563 n.

283 1601 381 1641 cnm
410 1603 700 1642 admiratione
728 1603 960 1652 pronuntia
988 1602 1146 1650 ‘quem’
1171 1604 1213 1640 et
1230 1612 1329 1640 cum
1349 1601 1668 1640 exclamatione
1685 1600 1885 1648 quadam.

339 1679 363 1717 2
405 1678 585 1717 Veteres
619 1676 777 1719 ‘facile’
811 1678 1014 1718 dicebant
1045 1688 1121 1727 pro
1155 1679 1329 1726 certo,
1365 1678 1413 1715 ut
1445 1675 1591 1715 Cicero
1624 1674 1757 1714 ‘illius
1789 1674 1887 1713 vici-

284 1755 437 1793 nitatis
469 1754 496 1794 f.
528 1756 583 1803 p.'
616 1754 756 1794 (Rosc.
790 1755 889 1794 Am.
928 1749 1010 1802 15).
1038 1754 1063 1792 3
1090 1762 1290 1792 DOLOREM
1318 1751 1537 1791 ‘dolorem'
1564 1751 1767 1790 distinxit
1792 1750 1886 1788 Pro·

284 1831 364 1869 bus
394 1833 437 1870 et
467 1832 565 1879 post
597 1831 744 1869 intulit
775 1831 1012 1879 separatim
1047 1829 1159 1877 quod
1192 1828 1401 1876 sequitur.
1435 1828 1460 1866 4
1493 1837 1645 1866 FACILE
1677 1836 1752 1865 HIC
1783 1836 1889 1864 PLUS

283 1916 392 1945 MALI
432 1916 508 1945 Es'r
549 1907 593 1944 in
636 1906 781 1945 dolore
824 1908 867 1945 et
909 1907 1030 1944 metu
1072 1905 1237 1944 scilicet
1274 1903 1524 1952 amittendi,
1564 1912 1686 1947 QUAM
1716 1902 1887 1949 <inmo

285 1982 447 2030 Rom>
477 1982 522 2020 in
556 1982 780 2031 voluptate
810 1981 1040 2020 retinendi.

459 2057 477 2092 1
507 2065 647 2092 FACILE
675 2065 742 2091 HIC
769 2065 870 2092 PLUS
897 2066 939 2091 M.
970 2055 1105 2091 ‘facile’
1131 2053 1364 2090 adverbium
1389 2051 1664 2088 confirmantis
1689 2052 1750 2087 est
1773 2050 1809 2085 id
1825 2051 1888 2085 est

400 2109 599 2153 liquido
627 2111 667 2145 et
695 2110 992 2145 manifesto
1024 2111 1046 2144 5
1075 2106 1095 2127 ’¹‘
1121 2118 1232 2151 QUAM
1257 2117 1358 2143 11.ch
1382 2117 1476 2142 Bom
1500 2106 1539 2141 in
1566 2107 1681 2141 ‘bono
1700 2104 1885 2148 summo',

404 2163 496 2199 dicit
525 2165 631 2200 enim
659 2173 710 2199 ex
738 2164 870 2208 bonis,
901 2173 1002 2208 quae
1032 2165 1135 2198 bona
1162 2162 1461 2205 existimamus,
1491 2160 1581 2204 plus
1610 2169 1685 2195 nos
1714 2158 1805 2194 mali
1829 2167 1886 2192 ca-

402 2226 509 2261 pere,
547 2227 637 2254 cum
675 2219 746 2253 aut
783 2220 1008 2253 amissuros
1045 2226 1120 2253 nos
1150 2216 1368 2260 credimus,
1398 2217 1467 2251 aut
1495 2213 1735 2256 amittimus,
1765 2220 1884 2255 quam

401 2271 510 2312 boni.
542 2282 631 2308 cum
661 2272 869 2307 habemus.
901 2273 923 2307 6
952 2281 1092 2306 FACILE
1115 2271 1209 2305 cett.
1236 2270 1338 2314 ‘plus
1364 2268 1468 2304 mali’
1493 2268 1531 2303 in
1557 2267 1691 2302 dolore
1707 2268 1744 2301 et
1761 2267 1884 2309 metu,

407 2327 452 2361 ut
480 2326 655 2361 diximus
686 2325 824 2368 (schol.
854 2327 905 2367 4).
937 2325 957 2360 7
988 2335 1099 2367 QUAM
1126 2333 1228 2359 nmio
1257 2333 1293 2358 B.
1323 2323 1359 2357 id
1385 2323 1446 2358 est
1480 2321 1519 2356 in
1559 2321 1736 2364 amico,
1766 2328 1884 2354 ama-

403 2380 514 2416 tore
543 2381 583 2415 et
610 2379 720 2415 viro
750 2379 809 2421 (cf.
841 2389 875 2414 V.
907 2379 1009 2420 718).

346 2451 366 2488 1
397 2460 447 2488 Mr
474 2460 593 2489 HoMo
627 2460 730 2496 QUID
758 2460 866 2489 1s'r10
894 2459 1080 2488 oBsxcRo
1107 2458 1182 2487 EST
1201 2457 1252 2486 ex
1272 2447 1450 2495 Mysidis
1468 2445 1610 2484 verbis
1629 2444 1726 2491 quid
1745 2441 1892 2479 Davus

286 2524 418 2564 faciat
455 2527 794 2565 demonstratur.
829 2526 853 2563 2
887 2535 989 2570 QUm
1021 2534 1143 2563 1s‘rUc
1173 2534 1283 2562 MALI
1319 2533 1393 2561 nsr
1426 2520 1670 2559 involutum
1703 2525 1886 2566 puerum

290 2602 490 2649 portabat
520 2601 685 2650 Davus,
721 2603 763 2640 et
794 2601 889 2640 ideo
922 2601 1026 2639 dicit
1057 2599 1214 2638 mulier
1247 2598 1361 2645 ‘quid
1393 2598 1506 2635 istuc
1538 2594 1642 2633 mali
1675 2593 1754 2631 est'
1787 2592 1888 2629 dum

287 2675 359 2713 ille
400 2676 564 2715 evolvit
605 2678 649 2715 et
679 2686 861 2725 puerum
894 2676 1078 2724 prosert;
1114 2684 1242 2723 quem
1274 2675 1504 2721 postquam
1538 2667 1757 2717 expedivit
1790 2675 1885 2714 pan-

290 2750 376 2800 nis,
409 2754 506 2790 tum
539 2751 614 2790 illa
645 2752 758 2790 dixit
793 2751 888 2799 ‘quo
920 2752 1070 2800 portas
1101 2759 1284 2798 puerum
1297 2744 1331 2787 ?'

190 2927 212 2971 ¹)
237 2927 314 2962 ‘De'
346 2928 404 2963 vel
434 2932 491 2964 ‘ex
521 2930 704 2974 proximo’
735 2931 957 2976 usurpatum
988 2930 1030 2963 ut
1061 2927 1162 2972 apud
1194 2927 1368 2961 Plautum
1400 2924 1438 2958 in
1463 2922 1549 2957 Aul.
1572 2921 1626 2954 31.
1652 2917 1828 2975 164--282
1851 2918 1888 2951 et

146 2979 344 3024 Apuleium
365 2981 523 3025 (Hand.
543 2983 589 3018 de
609 2985 705 3027 part.
724 2983 813 3027 ΙΙῬ.
832 2978 930 3026 223);
951 2982 1066 3026 igitur
1084 2980 1197 3016 nimis
1217 2978 1377 3014 breviter
1396 2988 1462 3011 nec
1483 2975 1673 3017 eleganter
1686 2971 1776 3005 haec
1789 2969 1888 3003 dicta

144 3043 225 3076 pro:
256 3034 314 3069 ‘ad
346 3047 475 3069 omnes
502 3035 657 3071 affectus
683 3036 809 3071 animo
834 3035 1048 3081 capiendos,
1073 3033 1298 3078 quicumque
1323 3043 1367 3065 ex
1391 3028 1558 3074 proxima
1582 3024 1762 3060 affinitate
1787 3034 1816 3057 e.
1840 3021 1889 3066 p.’

148 3085 190 3119 cf.
216 3085 398 3122 Hartman
422 3099 458 3132 p.
482 3086 558 3122 148.
