2242 3443
99 380 177 416 350

100 611 176 647 352

101 1038 177 1074 353

100 1341 177 1378 354

100 1493 177 1530 352

101 1797 178 1833 356

102 1947 179 1985 354

103 2170 180 2207 355

100 2568 178 2604 356

939 179 1024 218 269

962 300 1043 344 A1)

307 376 329 414 7
373 375 426 413 Et
466 375 566 422 quia
608 375 699 423 ipse
740 375 1046 423 properantius
1087 376 1240 423 pergit,
1275 379 1399 424 rogat
1431 379 1474 415 ut
1510 382 1862 425 assequerentur.

420 449 443 485 6
473 458 627 484 ADESTE
655 458 810 490 QUAEso
842 449 1002 493 proprie
1031 449 1238 484 advocatis
1269 451 1382 485 dixit.

968 531 1000 570 B

309 609 327 644 1
373 617 493 646 HANG
535 617 620 644 sn31
662 615 898 644 COGNATAM
931 606 1126 644 additum
1163 617 1404 654 pronomen
1438 610 1518 656 est,
1554 611 1679 657 quasi
1712 612 1860 649 notam

249 683 454 721 omnibus
495 682 671 720 diceret.
716 682 739 719 2
783 692 988 720 PHANIUM
1030 692 1151 721 HANG
1184 693 1272 721 sc.
1306 694 1468 731 magno
1501 686 1674 732 ingenio
1708 686 1861 724 Teren·

248 759 338 796 tius
370 758 689 806 impudentiam
723 757 1055 796 calumniatoris
1086 760 1319 808 expressit,
1354 770 1457 798 nam
1490 764 1533 798 et
1565 762 1682 809 prior
1714 763 1866 811 incipit

249 837 292 872 et
324 835 440 882 prior
477 836 669 872 accusat.

420 907 442 943 3
472 908 519 942 Et
561 908 653 951 quia
698 917 775 942 non
819 909 955 951 potest
998 908 1124 944 dicere
1168 909 1343 953 ‘expellit
1386 910 1584 946 Phanium
1623 911 1817 956 Demipho
1830 913 1862 949 ‘?'

370 962 535 1005 ‘negat
578 962 897 1005 cognatam?
942 961 1046 997 dicit.

305 1044 450 1072 NEGAT
493 1044 579 1072 una
620 1043 749 1082 opera
782 1033 892 1072 Geta
922 1034 965 1072 in
1000 1034 1159 1083 duplici
1194 1037 1395 1074 versatur
1427 1036 1546 1075 dolo:
1581 1047 1683 1076 nam
1717 1040 1760 1075 et
1791 1049 1863 1077 au-

250 1110 394 1148 diente
426 1111 513 1148 iam
547 1120 650 1148 sene
683 1110 777 1148 eius
810 1120 856 1148 se
889 1110 1164 1149 defensorem
1197 1113 1425 1159 tamquam
1456 1112 1654 1151 absentis
1681 1115 1864 1152 assimu-

250 1185 312 1223 lat
345 1188 388 1224 et
420 1186 564 1224 irritat
596 1186 648 1224 ad
683 1186 1010 1225 vociferandum
1045 1187 1370 1236 Phormionem,
1403 1189 1475 1236 qui
1508 1189 1726 1228 clamandi
1760 1191 1863 1230 ulte-

249 1262 341 1300 rius
375 1272 556 1300 causam
590 1273 674 1301 non
710 1262 904 1310 haberet,
939 1264 976 1301 si
1008 1265 1174 1301 taceret
1207 1263 1326 1302 Geta.

310 1341 328 1375 1
364 1347 506 1382 NEQUE
539 1348 636 1376 Erus
668 1349 842 1376 PATREM
875 1349 924 1376 sn
951 1349 1071 1377 seran
1098 1350 1171 1384 Qui
1199 1351 1229 1377 F.
1266 1341 1547 1390 ambiguitas,
1576 1352 1686 1389 quae
1712 1345 1861 1382 tamen

247 1413 514 1452 discernitur
546 1424 694 1454 sensu,

304 1492 330 1527 4
373 1500 610 1528 COGNATAM
652 1501 847 1529 DEMIPHO
889 1491 998 1530 haec
1041 1493 1109 1531 est
1143 1491 1358 1541 fatigatio,
1392 1503 1503 1540 quae
1535 1494 1669 1533 etiam
1702 1505 1862 1534 nomen

246 1565 521 1604 tumultuose
567 1567 843 1614 persequitur
890 1570 1020 1614 atque
1063 1568 1274 1615 exagitat,
1318 1571 1361 1607 et
1401 1568 1496 1607 ideo
1530 1569 1714 1609 callidus
1746 1582 1863 1619 syco-

250 1640 413 1689 phanta
459 1642 595 1690 patris
641 1641 834 1680 familias
876 1643 1098 1692 proprium
1141 1653 1302 1682 nomen
1346 1654 1430 1682 non
1473 1645 1615 1684 solum
1649 1647 1865 1687 invidiose

250 1716 395 1765 infert,
428 1717 503 1755 sed
538 1717 672 1755 etiam
705 1718 876 1766 repetit.

309 1784 338 1831 1Δ
373 1803 454 1831 NEC
491 1803 733 1832 smrLPONEM
767 1804 897 1833 IPSUM
930 1795 1037 1833 haec
1070 1796 1342 1834 asseveratio
1375 1798 1443 1835 est
1477 1799 1736 1837 mentientis
1767 1800 1862 1839 imi-

249 1870 344 1907 tata
376 1869 626 1908 veritatem.

308 1945 333 1982 2
366 1940 540 1997 [mrem]
561 1941 589 1992 ¹)
621 1945 848 1999 σύλλημψις
881 1947 1034 1995 prima,
1069 1958 1172 1986 nam
1201 1950 1477 1988 extrinsecus
1504 1951 1767 1990 audiendum
1796 1954 1864 1991 est

253 2019 419 2069 ‘pater’.

967 2095 1005 2132 A

309 2175 533 2211 SEQUIMINI
578 2167 842 2215 ‘sequimini'
887 2169 1004 2219 dicit,
1037 2170 1140 2217 quia
1171 2173 1475 2220 properantius
1507 2175 1550 2211 et
1581 2174 1864 2213 concitatiore

250 2242 386 2290 gradu
418 2243 560 2291 pergit
592 2243 744 2282 iratus.

966 2315 1001 2354 B

423 2396 631 2428 suQmmm
660 2388 828 2432 apparet
856 2387 1149 2432 Demiphonem
1183 2391 1225 2425 ut
1254 2392 1412 2434 patrem
1441 2391 1611 2428 familias
1636 2393 1862 2437 perturbari

365 2449 446 2475 non
475 2441 738 2484 mediocriter,
766 2441 912 2486 quippe
940 2442 1006 2486 qui
1036 2444 1076 2478 et
1105 2445 1321 2480 advocatos
1349 2445 1635 2489 conquisiverit
1666 2449 1861 2483 adversus

366 2496 554 2538 agentem
582 2497 623 2530 et
653 2496 839 2540 progredi
868 2506 949 2531 non
980 2498 1137 2540 audeat,
1166 2498 1245 2533 nisi
1273 2498 1328 2533 illi
1359 2502 1593 2543 sequantur.

305 2565 330 2603 2
363 2575 445 2604 NEC
475 2576 717 2605 srrnpomm
750 2577 882 2605 IPSUM
915 2577 1035 2606 scnzr:
1069 2578 1143 2613 Qui
1175 2580 1212 2607 F.
1242 2570 1384 2608 multa
1412 2571 1752 2610 calumniatores
1779 2572 1861 2610 cla-

249 2641 435 2680 mitandi
475 2652 610 2681 causa
651 2643 802 2681 dicunt
839 2646 882 2682 et
916 2645 1195 2693 vociferandi,
1229 2648 1278 2684 ut
1306 2646 1402 2694 ipso
1434 2647 1622 2694 strepitu
1653 2649 1861 2694 terreant,

249 2717 509 2756 tantundem
552 2718 795 2766 <enim>
837 2721 906 2757 est
949 2720 1043 2758 ‘nec
1086 2721 1329 2768 Stilponem
1372 2722 1530 2770 ipsum‘
1574 2722 1687 2770 quod
1729 2732 1862 2770 supra

250 2791 366 2836 (354)
401 2791 554 2840 ‘neque
587 2793 682 2831 eius
714 2795 914 2841 patrem'.
951 2796 974 2833 3
1007 2795 1061 2833 Et
1093 2798 1205 2834 scire
1238 2797 1450 2835 debemus
1482 2798 1564 2836 hoc
1594 2807 1756 2836 nomen
1774 2808 1859 2836 non

250 2866 404 2907 fictum
434 2879 459 2906 a
487 2869 694 2917 parasito,
723 2870 798 2907 sed
828 2870 1027 2909 auditum
1048 2872 1247 2921 apuel]a‚
1268 2882 1378 2919 quae
1396 2882 1506 2911 uxor
1524 2873 1654 2911 ducta
1670 2874 1741 2922 sit,
1761 2873 1861 2912 dici.

149 3004 172 3047 l)
201 3003 256 3038 De
279 3004 508 3039 scholiorum
533 3003 732 3039 ordinibus
758 3005 789 3039 A
818 3007 854 3040 el
882 3006 911 3040 B
940 3007 1021 3042 vide
1046 3020 1144 3052 quae
1168 3008 1360 3053 disputavi
1384 3009 1423 3043 in
1449 3008 1697 3044 praefatione.

148 3058 174 3096 ²)
197 3057 324 3094 schol.
348 3057 513 3103 pertinet
535 3056 583 3092 ad
608 3068 640 3090 v.
665 3056 827 3093 initium,
