2242 3443
989 197 1041 235 87

299 329 374 358 Es'r
407 329 607 357 MILESIUS
635 330 721 359 non
751 322 884 369 amat,
915 321 952 359 si
979 322 1135 360 statim
1165 323 1321 362 timere
1349 325 1523 374 desinit,
1553 327 1664 366 unde
1684 328 1898 376 Vergilius

291 396 412 441 (Aen.
447 397 485 434 4.
522 395 622 440 298)
659 395 820 435 ‘omnia
852 399 883 435 t.
918 397 965 435 t.’

459 470 482 505 2
511 478 536 504 α
564 479 661 514 ergo
692 469 889 514 ‘benigne’
919 470 1028 515 large
1056 471 1302 516 abundeque.

144 549 218 586 703
337 546 356 583 1
402 556 522 585 ΑΒΠΤ
562 554 716 585 NAVEM
757 552 971 581 ASGENDIT
1015 542 1149 581 ‘abiit'
1192 544 1348 594 facete,
1389 556 1442 584 ne
1475 546 1638 586 diceret
1670 547 1899 588 ‘mentitus

286 622 415 670 sum’,
449 624 579 670 atque
612 621 675 659 ita
707 619 831 667 dixit,
867 620 911 656 ut
946 618 1192 657 infantibus
1220 621 1417 659 nutrices
1444 622 1494 661 de
1522 623 1739 662 terriculis
1757 625 1900 663 solent

287 697 441 746 dicere,
476 708 585 745 quas
617 705 717 735 cum
750 694 871 742 ipsae
905 693 1211 744 confinxerint,
1245 695 1433 735 abolitas
1465 698 1632 747 volunt,
1665 702 1897 747 postquam

287 771 386 812 illos
418 773 570 811 vident
597 770 786 811 nimium
820 779 995 818 pavere.

456 846 480 882 2
508 845 608 883 *Sed
638 845 735 880 mihi
764 843 923 879 videtur
950 843 1085 879 ridens
1115 844 1213 880 haec
1242 845 1408 890 dixisse,
1440 849 1486 882 ut
1508 848 1715 893 intellegat
1734 849 1896 886 Aeschi-

402 909 481 936 nus
511 900 718 936 Micionem
746 899 831 934 ioco
859 898 985 934 fuisse
1015 898 1244 934 mentitum.

139 976 214 1014 705
334 973 352 1010 1
397 982 485 1010 TIBI
528 980 924 1011 oBTEMPERA‘rURos
966 980 1102 1009 MAGIS
1144 971 1258 1010 mira
1299 973 1541 1011 sententia:
1584 973 1761 1022 obsequi
1793 975 1895 1014 deos

281 1048 421 1098 bonis,
451 1049 575 1097 quasi
592 1048 718 1087 bonis
736 1046 986 1087 hominibus
1005 1046 1198 1085 multum
1218 1047 1425 1096 debeant;
1446 1049 1469 1087 2
1489 1050 1533 1088 et
1549 1050 1593 1088 in
1612 1052 1894 1091 excusatione

283 1125 487 1173 precandi
530 1125 634 1164 deos
677 1124 774 1163 vide
815 1133 927 1171 quae
971 1122 1158 1162 facultas
1192 1125 1297 1162 nata
1331 1124 1389 1162 sit
1419 1126 1589 1173 patrem
1623 1127 1716 1166 sine
1748 1138 1891 1167 assen-

283 1202 449 1240 tatione
491 1201 691 1240 laudare!
738 1210 821 1239 non
867 1201 933 1238 est
966 1200 1115 1238 autem
1150 1199 1408 1239 iniuriosum
1444 1201 1496 1240 ad
1530 1204 1698 1251 patrem
1733 1205 1893 1244 referre

275 1277 625 1326 deprecationem
659 1277 852 1325 deorum,
887 1275 963 1315 sed
995 1275 1140 1324 magis
1172 1276 1442 1328 honorabile,
1468 1289 1571 1317 nam
1590 1279 1678 1318 tale
1695 1281 1763 1318 est
1780 1281 1893 1329 apud

280 1353 522 1402 Vergilium
565 1354 688 1399 (Aen.
733 1353 771 1391 2.
808 1352 908 1395 717)
942 1351 1022 1401 ‘tu,
1057 1352 1247 1403 genitor,
1284 1363 1389 1402 cape
1422 1365 1548 1394 sacra
1579 1365 1715 1394 manu
1747 1367 1786 1405 p.
1820 1357 1891 1406 p.’,

281 1431 328 1469 ut
360 1430 451 1478 ipse
484 1431 656 1478 patrem
689 1430 845 1478 portet,
880 1428 951 1467 hic
983 1428 1099 1468 deos.

135 1511 208 1547 706
328 1516 409 1545 Eeo
436 1515 488 1544 Eo
516 1515 645 1544 mmo
669 1515 725 1543 UT
753 1514 869 1550 QUAE
901 1514 1008 1543 opus
1040 1515 1137 1543 SINT
1169 1515 1403 1545 PARENTUR
1434 1517 1490 1546 TU
1522 1518 1604 1547 EAc
1638 1518 1692 1546 UT
1725 1519 1818 1546 D1X1
1852 1519 1890 1547 sr

280 1593 403 1621 SAP1s
435 1582 505 1621 hic
538 1592 692 1620 versus
724 1581 767 1619 in
799 1581 1060 1628 quibusdam
1094 1591 1179 1620 non
1217 1582 1455 1622 invenitur.

134 1663 206 1701 707
325 1668 428 1704 Qun)
470 1669 555 1697 Hoc
587 1668 662 1697 Esr
695 1667 853 1696 NEGOTI
885 1667 969 1696 Hoc
1001 1667 1079 1696 EST
1112 1668 1288 1697 PATREM
1321 1670 1360 1698 E.
1395 1662 1439 1698 et
1470 1660 1675 1699 mirantis
1707 1661 1813 1700 haec
1847 1664 1890 1701 et

280 1734 503 1773 laudantis
535 1734 675 1774 oratio
709 1735 788 1772 est.
827 1735 880 1778 (α)

449 1818 473 1843 α
502 1809 542 1844 et
570 1817 696 1852 paene
724 1808 882 1843 videtur
911 1807 1142 1843 huiusmodi
1173 1810 1328 1852 patrem
1360 1809 1575 1846 Terentius
1604 1811 1783 1855 probare.

132 1885 205 1921 708
324 1882 344 1919 1
390 1889 462 1926 QUI
503 1889 639 1918 MAGIS
675 1890 826 1919 MOREM
868 1889 1062 1918 GEEERET
1106 1879 1209 1927 ‘qui'
1251 1891 1335 1927 quo
1377 1882 1527 1931 modo,
1568 1893 1654 1929 qua
1695 1893 1759 1932 re,
1803 1893 1889 1931 qua

277 1958 459 1997 ratione.
503 1958 526 1995 2
570 1967 646 1995 Hic
677 1966 770 1999 ,NON
812 1966 1027 1995 AMANDUS
1071 1956 1220 1995 omnia
1264 1957 1448 2005 perfecit
1488 1958 1559 1996 hic
1590 1960 1732 2008 pater,
1768 1961 1815 1998 ut
1847 1961 1889 1998 et

276 2035 451 2074 ametur
482 2035 525 2072 et
559 2032 764 2072 laudetur
796 2035 840 2071 et
871 2033 1087 2072 foveatur.

132 2113 206 2149 710
324 2118 515 2148 MAGNAM
549 2119 649 2147 MIHI
682 2119 842 2147 INIEOIT
874 2119 960 2147 SUA
988 2119 1296 2148 COMMODITATE
1325 2119 1474 2148 CURAM
1502 2111 1614 2149 mira
1642 2112 1884 2150 sententia:

273 2185 391 2224 mala
422 2185 546 2225 nobis
578 2186 714 2224 etiam
748 2186 799 2224 de
832 2185 959 2224 bonis
991 2186 1128 2224 nasci.
1164 2188 1216 2230 (a)

447 2270 471 2295 a
498 2269 547 2295 an
577 2260 707 2296 bonus
737 2269 882 2304 parens
912 2269 1086 2303 magnae
1114 2269 1231 2296 curae
1260 2261 1323 2296 est
1352 2260 1462 2296 filio?

130 2328 201 2365 711
276 2365 279 2372 ,
444 2339 579 2366 sc1ENS
607 2340 759 2366 CAVEBo
789 2330 929 2365 ‘facere
956 2331 1060 2373 quod
1088 2330 1201 2366 nolit'
1231 2330 1391 2366 scilicet.

130 2403 204 2440 712
318 2410 395 2439 SED
437 2411 562 2440 cEsso
606 2411 678 2440 IRE
720 2411 850 2440 INTRO
894 2412 949 2439 NE
993 2411 1036 2439 IN
1082 2411 1202 2440 MORA
1242 2412 1342 2440 ME1s
1374 2411 1548 2440 NUPTHS
1580 2412 1749 2441 EGOMET
1782 2413 1881 2441 SIEM

273 2475 380 2515 bene
413 2477 493 2516 hoc
527 2479 678 2526 utpote
710 2477 983 2525 obiurgatus.

986 2647 1025 2685 6.

128 2767 202 2805 713
320 2767 339 2803 1
381 2776 593 2805 DErEssus
636 2775 723 2804 sUM
770 2775 1042 2804 AMBULANDO
1092 2765 1162 2804 hic
1204 2765 1458 2813 exemplum
1500 2765 1718 2803 inducitur
1760 2765 1880 2803 saevi

272 2841 408 2889 patris
441 2852 497 2880 ex
529 2841 688 2880 affectu
723 2851 823 2880 vero
856 2843 899 2880 et
925 2841 976 2880 ob
1005 2842 1087 2881 hoc
1113 2841 1247 2880 invisi
1275 2841 1500 2880 omnibus:
1530 2852 1613 2881 non
1631 2843 1721 2879 tam
1743 2841 1881 2879 amari

271 2916 366 2954 vult
392 2927 521 2964 quam
550 2918 643 2966 ipse
670 2919 792 2956 amat
820 2926 959 2964 neque
986 2916 1068 2955 sibi
1095 2927 1176 2956 nec
1194 2918 1395 2964 cuiquam
1414 2917 1487 2956 alii
1506 2918 1580 2956 sed
1598 2916 1686 2955 filio
1705 2918 1876 2955 tantum

269 2993 516 3033 consultum
545 2994 685 3042 cupit;
715 2993 793 3032 ‘de‘
823 2997 969 3032 autem
1000 2993 1161 3033 valde
1188 2992 1422 3042 significat.
1452 2995 1476 3032 2
1509 3005 1563 3032 UT
1591 3002 1699 3031 SYRE
1717 3002 1768 3029 TE
1787 3002 1873 3029 cuir

272 3078 359 3107 TUA
388 3079 719 3107 MONSTRATIONE
750 3068 823 3107 ‘ut’
853 3078 929 3117 pro
955 3069 1120 3108 utinam
1138 3081 1147 3116 ;
1168 3070 1210 3107 et
1229 3069 1337 3107 haec
1355 3069 1505 3107 omnia
1522 3067 1734 3107 anhelans
1751 3067 1873 3105 dixit.
