2242 3443
269 224 440 252 naemu
1112 214 1192 251 172

263 497 334 530 481

259 647 334 681 482

257 1163 331 1199 483

261 1456 335 1491 484

259 1685 336 1722 485

258 2191 334 2226 486

257 2341 330 2378 487

258 2721 333 2756 488

412 349 466 377 ex
498 339 811 378 deliberatione
844 338 1021 387 colligit,
1054 337 1166 386 quod
1199 337 1398 376 facturus
1429 340 1511 386 est,
1545 339 1568 376 2
1599 340 1643 377 et
1670 338 1849 378 mollius
1877 338 2029 388 ‘segre-

411 415 566 463 ganda’
599 426 730 463 quam
767 414 1082 454 ‘excludenda'.

465 501 582 530 nuuc
616 502 673 530 m:
708 502 859 530 Pizus
892 501 936 529 M.
966 501 1002 529 P.
1033 501 1067 529 0.
1097 500 1228 538 quam
1259 489 1464 529 mollibus
1493 489 1638 529 verbis
1665 490 1895 539 repudium
1923 500 2027 530 nun·

409 566 569 605 tiatum
605 570 691 606 est!

468 645 480 681 1
524 654 748 682 mmmm:
782 654 907 682 HAUD
936 653 1082 683 mvrro
1115 652 1175 681 An
1208 653 1250 681 A.
1285 642 1450 691 optime
1483 642 1651 681 dictum
1686 641 1815 681 ‘haud
1847 642 2026 682 invito’:

404 729 487 757 non
523 721 638 758 enirn
672 722 713 758 in
750 724 894 759 totum
931 720 1095 758 volenti
1128 719 1286 767 quippe
1314 719 1367 757 de
1395 719 1601 765 discidio;
1631 719 1706 758 sed
1735 721 1899 768 tamen,
1926 719 2029 767 quia

405 795 472 842 pie
505 795 676 834 locutus
709 799 787 842 est,
819 796 1098 834 mediocriter
1125 794 1398 843 approbavit.
1429 796 1453 833 2
1482 805 1709 834 ΡΑΜΡΗῙΒΕ
1736 805 1781 834 Η.
1810 805 1839 833 1.
1865 805 1926 834 AD
1953 804 2028 836 AV.

405 872 552 918 gravis
595 872 732 910 oratio
775 874 841 910 est
880 882 904 910 a
947 872 1123 910 nomine
1166 871 1352 920 incepta,
1397 870 1617 919 Vergilius
1654 871 1776 916 (Aen.
1800 871 1865 909 12.
1890 871 1956 911 19)
1990 869 2028 909 ‘o

406 951 635 994 praestans
669 958 704 985 a.
740 948 782 986 i.’
817 948 840 985 3
876 951 916 985 et
951 949 1018 986 est
1050 945 1188 995 figura
1215 946 1380 997 λιτότης.
1414 949 1467 988 (a)
1510 947 1535 985 4
1569 956 1696 986 lum>
1725 956 1874 987 mvrro
1905 957 1949 985 A.
1982 955 2026 985 A.

406 1023 530 1060 senili
564 1023 830 1070 loquacitate
862 1034 937 1072 pro
973 1023 1106 1062 ‘recte
1139 1022 1313 1062 locutus
1346 1023 1421 1061 es’.

523 1090 544 1125 3
575 1100 598 1124 (z
628 1091 684 1125 sic
717 1090 916 1130 Vergilius
947 1091 1061 1130 (Aen.
1092 1089 1121 1125 Ι.
1156 1087 1222 1138 17)
1251 1089 1505 1134 ‘posthabita
1533 1099 1566 1126 c.
1596 1089 1649 1125 S.'

467 1163 482 1198 1
530 1172 670 1200 ouans
716 1172 791 1200 aas
835 1162 932 1210 plus
976 1162 1088 1200 dixit
1130 1171 1262 1209 quam
1304 1161 1342 1199 si
1388 1161 1601 1200 ’uxorem'
1645 1161 1821 1200 diceret.
1857 1161 1881 1199 2
1913 1169 2028 1199 Pau:

404 1247 603 1276 PARENTE
637 1249 662 1276 1.
699 1238 806 1276 bene
842 1238 1061 1286 ‘parente‘,
1097 1237 1211 1286 quod
1245 1247 1407 1276 nomen
1442 1247 1678 1277 commune
1710 1238 1751 1276 et
1782 1246 1881 1276 cum
1905 1237 2027 1285 patre

404 1318 469 1351 est
504 1315 547 1352 et
578 1325 676 1352 cum
712 1314 928 1362 omnibus,
964 1324 1073 1362 quos
1101 1314 1208 1352 haec
1240 1314 1519 1353 necessitudo
1551 1312 1776 1362 coniungit
1812 1308 1883 1364 (a).

581 1379 606 1415 2
635 1390 657 1414 α
689 1380 831 1416 melius
863 1389 974 1425 ergo,
1004 1390 1124 1424 quam
1156 1380 1190 1415 si
1218 1380 1366 1416 diceret
1396 1380 1610 1416 ‘matrem'.

471 1454 487 1489 1
536 1462 685 1491 VERUM
727 1462 829 1490 va
870 1463 925 1492 NE
958 1463 985 1491 1.
1021 1462 1048 1491 1.
1087 1452 1247 1491 leniter
1280 1454 1321 1490 et
1354 1453 1606 1491 suadenter.
1641 1452 1665 1490 2
1699 1461 1776 1490 1RA
1808 1461 1892 1490 non
1926 1460 2027 1499 ergo

404 1528 604 1567 ‘iudicio'.
654 1530 678 1567 3
722 1538 866 1567 PRAVE
907 1539 1104 1567 INSISTAS
1146 1539 1251 1568 PAM.
1286 1538 1374 1569 non
1408 1529 1522 1568 enim
1558 1528 1815 1577 incipere
1848 1527 1923 1566 sed
1956 1528 2025 1565 in-

408 1604 617 1643 sistere
652 1604 720 1642 hio
754 1604 922 1643 malum
957 1606 1037 1643 est.

465 1680 488 1718 2
524 1680 616 1718 Hoc
654 1681 800 1727 ipsum
835 1690 909 1728 per
941 1681 1127 1719 ironiam
1157 1681 1337 1731 deridet,
1366 1681 1478 1729 quod
1506 1682 1630 1730 pater
1656 1678 1769 1718 dixit
1796 1677 2026 1727 ‘impulsus

408 1753 500 1795 ira’.
537 1759 560 1794 4
595 1765 754 1801 Qursos
786 1766 871 1794 nus
905 1767 1121 1796 mponsus
1154 1761 1272 1797 recte
1306 1768 1392 1797 non
1426 1758 1523 1796 vult
1555 1758 1667 1796 iram
1701 1765 1812 1804 esse,
1849 1764 1902 1793 ne
1933 1763 2026 1804 pec-

405 1842 529 1871 casse
564 1831 761 1870 videatur
795 1842 926 1871 uxor:
960 1834 1023 1872 sic
1056 1834 1171 1872 enim
1207 1834 1280 1881 ait,
1315 1834 1440 1882 quasi
1473 1843 1553 1872 nec
1579 1834 1674 1882 ipsa
1705 1829 1964 1881 peccaverit.

580 1899 597 1933 1
642 1907 788 1939 domus
826 1908 906 1934 uus
946 1909 970 1936 1.
1010 1909 1090 1935 non
1131 1900 1231 1935 dixit
1271 1903 1362 1945 ‘qua
1390 1900 1474 1946 ira',
1501 1909 1550 1936 ne
1580 1901 1752 1944 superbe
1779 1897 2025 1942 loqueretur,

524 1953 591 1987 sed
637 1952 792 1995 ‘quibus
836 1953 932 1988 iris'.
964 1953 986 1990 3
1016 1953 1101 1990 *An
1143 1955 1238 1989 ‘iris’
1280 1955 1422 1990 matris
1452 1958 1492 1990 et
1525 1955 1645 1990 mea?
1676 1951 1854 1999 <an>
1883 1950 2024 1987 uxoris

521 2012 560 2041 et
602 2007 722 2042 mea?
764 2015 812 2041 an
858 2008 1037 2042 omnium
1078 2008 1231 2043 trium?
1274 2008 1297 2044 5
1327 2018 1474 2051 onmes
1503 2017 1584 2044 Irus
1613 2018 1671 2043 IM.
1700 2008 1764 2044 ille
1791 2008 1917 2042 iram
1948 2005 2024 2041 sin-

523 2060 715 2103 gulariter
743 2061 857 2101 dixit,
888 2061 949 2097 hic
978 2062 1076 2097 iras
1109 2063 1325 2107 piuraliter‚
1357 2073 1406 2099 ne
1431 2063 1617 2099 videatur
1646 2062 1768 2098 unius
1796 2062 1879 2096 irae
1903 2068 2026 2096 causa

525 2113 685 2150 mittere
714 2124 896 2150 uxorem.

462 2195 577 2230 QUAE
616 2195 837 2231 NUMQUAM
870 2195 1095 2232 QmoQUAM
1128 2197 1244 2226 ERGA
1277 2198 1336 2227 ΜΕ
1369 2198 1623 2227 COMMERITA
1655 2197 1732 2226 ns‘r
1764 2195 1906 2225 PATER
1936 2183 2022 2223 ani·

405 2261 630 2300 madverte
664 2263 975 2310 proprietatem
1011 2273 1266 2312 expressam
1301 2265 1600 2303 commerendi
1633 2266 1676 2303 et
1708 2261 1918 2302 merendi.

463 2348 513 2376 m·
557 2348 693 2376 sAEPr:
733 2348 934 2377 MERITAM
977 2350 1020 2377 ID
1064 2349 1177 2384 QUOD
1210 2351 1382 2380 VELLEM
1415 2351 1506 2379 soto
1539 2326 1747 2380 mereri
1778 2338 1892 2378 bona
1923 2337 2022 2376 dici·

405 2423 517 2460 mus,
562 2416 894 2453 commereri
942 2416 1071 2463 mala,
1118 2417 1158 2455 id
1193 2420 1261 2455 est
1292 2417 1559 2465 delinquere,
1594 2426 1787 2465 peccare,
1821 2424 1923 2464 ergo
1954 2414 2025 2453 hic

405 2490 639 2528 ‘meritam'
683 2501 758 2538 pro
803 2491 1106 2538 ‘praestitisse’
1153 2494 1277 2541 dixit,
1322 2493 1543 2541 Vergilius
1585 2493 1768 2533 (Aen.4.
1787 2492 1887 2533 333)
1930 2490 2023 2540 ‘ego

404 2567 460 2612 te,
510 2575 619 2612 quae
670 2566 855 2613 plurima
901 2567 1030 2606 fando
1073 2579 1334 2607 enumerare
1378 2569 1514 2616 vales,
1557 2578 1814 2617 numquam,
1858 2567 2023 2616 regina,

406 2641 569 2688 negabo
602 2643 919 2690 promeritam’.
1863 2689 1865 2693 ⁸

466 2718 483 2754 1
530 2726 707 2762 AMOQUE
750 2728 800 2756 ET
842 2728 988 2756 LAUDo
1030 2729 1115 2757 non
1149 2721 1318 2769 statim,
1352 2721 1426 2769 qui
1459 2724 1666 2759 amantur
1697 2722 1743 2759 et
1773 2719 2021 2768 laudantur,

404 2792 537 2830 etiam
569 2794 775 2831 continuo
807 2794 1122 2844 desiderantur,
1161 2796 1298 2834 multa
1331 2806 1432 2845 ergo
1461 2797 1572 2853 dixit
1601 2798 1801 2844 ‘amoque
1827 2798 1871 2835 et
1897 2795 2024 2835 laudo

403 2868 446 2905 et
481 2867 765 2906 vehementer
797 2868 1025 2908 desidero’.
1057 2871 1080 2908 2
1110 2871 1287 2910 Amoris
1314 2872 1509 2921 impulsu
1536 2872 1701 2910 nimius
1726 2872 1797 2911 hic
1825 2875 1893 2912 est
1909 2872 2023 2911 circa

403 2952 584 2982 uxorem
628 2946 671 2981 et
713 2945 837 2991 quasi
880 2945 1042 2984 oblitus
1087 2950 1130 2985 et
1172 2957 1276 2987 suae
1320 2949 1476 2987 matris
1517 2950 1561 2987 et
1593 2949 1775 2988 vitiatae
1807 2949 2021 2997 loquitur;

402 3019 476 3059 sed
519 3020 596 3057 tali
640 3030 747 3067 opus
789 3024 858 3059 est
891 3022 1121 3071 Pamphilo
1155 3024 1209 3062 ad
1242 3024 1496 3064 huiusmodi
1527 3027 1855 3073 argumentum,
1888 3024 2022 3063 donec

403 3095 630 3141 perveniat
662 3095 714 3133 ad
748 3098 1045 3147 καταστροφήν,
1077 3099 1118 3137 in
1153 3109 1238 3147 qua
1272 3109 1457 3140 uxorem
1488 3101 1636 3141 reduci
1667 3110 1848 3140 necesse
1878 3101 1960 3140 est.
