2242 3443
320 448 397 484 340

321 599 395 636 341

322 1047 398 1082 342

322 1274 399 1311 343

323 1629 399 1666 344

324 1783 401 1819 345

325 1858 402 1894 346

325 2081 399 2118 347

325 2309 402 2346 348

327 2849 401 2886 347

328 2978 405 3015 348

1169 167 1250 205 152

467 293 580 340 quod
624 303 723 331 cum
768 292 923 331 debeat
965 292 1107 331 dicere
1150 292 1251 340 quid
1297 293 1420 341 velit,
1465 292 1584 338 prius
1617 292 1724 331 dicit
1755 292 1869 340 quod
1900 302 1985 332 non
2019 293 2089 332 est

469 369 784 416 necessarium,
821 378 953 416 quare
986 369 1107 407 velit.
2124 352 2132 361 .

527 455 626 482 ressa
673 455 727 482 U'r
776 455 1020 482 MEMINERIT
1063 455 1149 483 non
1193 444 1255 483 ‘ut
1287 445 1357 483 sit’
1393 445 1469 483 sed
1503 443 1566 482 ‘ut
1598 453 1694 483 esse
1728 444 2021 484 meminerit‘:
2055 444 2088 484 O

469 520 721 568 prolixitas!

531 598 550 634 1
598 606 690 634 DUM
735 606 850 634 HAEC
888 606 928 634 D.
964 596 1038 634 dat
1070 598 1249 644 tempus
1285 596 1447 643 verbis,
1483 606 1594 644 quae
1627 605 1711 634 non
1746 596 1907 645 potuit,
1941 606 2088 644 quam-

471 673 537 711 vis
562 673 830 721 imitaretur,
867 672 1125 721 exprimere.
1156 673 1179 710 2
1210 682 1321 711 ROGO
1348 682 1551 716 NUMQmD
1580 683 1706 710 vam·
1734 672 1816 711 hoc
1842 674 1931 710 est:
1960 671 2091 720 signi-

468 747 546 787 fico
590 758 660 787 me
702 749 838 796 abire,
872 758 974 786 nam
1008 748 1167 786 abituri
1201 758 1254 787 ne
1285 748 1328 787 id
1361 749 1466 787 dure
1499 748 1712 797 facerent,
1749 747 1974 796 ‘numquid
2006 747 2087 786 vis’

469 824 672 864 dicebant
704 825 772 863 his
804 825 1066 872 quibuscum
1101 825 1416 863 constitissent.

641 899 663 934 3
707 898 805 942 Quid
849 900 912 934 est
955 908 1050 943 ergo
1091 900 1200 942 ‘rogo
1239 898 1434 942 numquid
1475 898 1615 934 velit'?
1653 897 1729 934 hoc
1756 899 1839 934 est:
1871 897 1956 934 dico
1985 897 2089 942 quod

590 969 786 1005 abeuntes
818 967 961 1004 solent.

532 1043 546 1079 ]
596 1038 730 1079 Rncric
774 1049 923 1084 mouri·
965 1050 1040 1087 pro
1084 1049 1133 1078 eo
1177 1040 1289 1087 quod
1335 1041 1404 1078 est
1443 1039 1609 1088 nihil,
1646 1040 1670 1077 2
1704 1041 1748 1078 et
1780 1039 2006 1078 moraliter
2036 1045 2089 1093 τῷ

470 1115 676 1170 ἀστεϊσμῷ.
709 1117 733 1154 3
768 1126 856 1154 coM
884 1126 972 1154 Huc
1001 1126 1194 1154 ansere-io
1222 1116 1264 1154 in
1294 1118 1405 1154 hanc
1432 1120 1604 1165 partem
1633 1115 1820 1164 scilicet,
1850 1125 1936 1163 qua
1953 1125 2088 1154 mere·

470 1194 558 1231 trix
593 1191 835 1231 habitabat.

532 1271 550 1308 1
595 1278 838 1308 COMMODUM
869 1269 1092 1306 tantum
1126 1268 1269 1316 quod
1304 1268 1373 1307 vel
1401 1268 1526 1317 ipso
1554 1269 1861 1315 eodemque
1888 1270 2089 1317 tempo·
2154 1250 2155 1257 ἵ

472 1357 548 1394 re;
593 1346 618 1384 3
657 1355 759 1383 nam
803 1344 997 1382 ‘interea'
1047 1353 1161 1382 nunc
1204 1344 1455 1383 coniunctio
1494 1344 1748 1393 accipienda
1780 1346 1867 1393 est,
1901 1353 2007 1393 non,
2043 1345 2091 1382 ut

472 1422 602 1470 alias,
631 1431 707 1470 pro
740 1419 944 1459 adverbio
977 1420 1167 1469 ponitur.

644 1497 665 1531 2
705 1504 932 1531 COMMODUM
972 1504 1070 1530 una
1098 1494 1161 1530 vel
1191 1504 1249 1531 ex
1279 1495 1370 1531 hoc
1399 1495 1621 1541 significat,
1653 1497 1698 1532 ut
1727 1495 1762 1531 si
1791 1495 1919 1532 dicas:
1949 1495 2089 1531 eodem

590 1552 771 1595 tempore
799 1559 877 1593 quo
906 1548 1004 1585 haee
1033 1550 1271 1593 agebantur.

528 1633 574 1661 IN
607 1632 728 1661 HANG
762 1630 966 1659 NOSTRAM
999 1631 1206 1659 PLATEAM
1239 1623 1377 1670 recte,
1410 1621 1513 1669 quia
1545 1621 1690 1660 vicina
1720 1621 1808 1660 illis
1839 1622 1907 1660 est
1937 1620 2088 1669 Thais,

472 1701 525 1739 ad
558 1709 689 1748 quam
723 1697 966 1736 deducitur.

528 1787 616 1815 Hoc
649 1786 737 1815 CUM
768 1787 961 1815 Anvsmo
996 1787 1143 1815 NULLA
1176 1787 1289 1815 ERAT
1324 1776 1487 1815 etenim
1521 1777 1722 1826 ingressa
1751 1777 1842 1815 iam
1873 1775 2029 1816 fuerat.

530 1863 709 1892 ommes
749 1864 898 1892 securi
932 1864 1121 1892 semem·
1155 1863 1265 1891 sUNT
1300 1863 1514 1892 vfflfflNEM
1546 1853 1863 1901 interrogative
1895 1851 2090 1901 quidem,

473 1931 548 1969 sed
581 1930 662 1978 sic,
697 1933 746 1969 ut
777 1931 888 1970 scire
922 1931 1123 1969 videatur
1155 1930 1197 1968 id
1230 1930 1464 1978 <quod>
1497 1930 1668 1978 quaerit
1715 1924 1771 1975 (a)

644 2015 668 2039 a
697 2005 766 2040 sed
795 2006 843 2040 ad
875 2004 949 2041 hoc
977 2014 1190 2050 quaerere,
1219 2006 1264 2040 ut
1293 2005 1398 2048 quod
1430 2005 1506 2040 scit
1535 2004 1760 2041 confirmet.

535 2078 554 2115 1
590 2088 740 2116 VERUM
772 2087 1016 2116 PARAsiws
1051 2077 1234 2116 ‘verum'
1269 2077 1398 2115 modo
1430 2077 1651 2125 inceptiva
1678 2077 1763 2124 est,
1792 2085 1878 2115 non
1904 2075 2093 2114 relativa

497 2153 730 2202 particula,
765 2157 812 2191 ut
844 2155 890 2192 in
924 2153 1088 2192 Andria
1118 2152 1311 2191 ‘verumz
1341 2152 1429 2191 vidi
1458 2151 1726 2192 Cantharam
1744 2151 2090 2190 suffarcinatam’

477 2234 532 2272 (v.
567 2229 681 2268 769).

535 2307 553 2343 l
590 2315 672 2343 IAM
704 2315 1028 2344 conctAMATUM
1056 2315 1132 2343 EST
1158 2306 1434 2343 transactum
1466 2314 1515 2342 ac
1542 2302 1734 2354 finitum,
1755 2305 1803 2343 ut
1819 2303 2094 2343 conclamata

474 2391 654 2430 corpora
682 2382 790 2420 nihil
822 2382 975 2430 reliqui
1009 2382 1097 2420 iam
1131 2380 1296 2419 habent
1327 2381 1382 2419 ad
1416 2381 1533 2419 vitae
1567 2379 1720 2419 officia.

649 2455 670 2490 2
709 2455 731 2476 *
767 2465 841 2491 IAM
880 2466 910 2491 c.
952 2466 985 2491 E.
1026 2455 1351 2491 ‘conclamatum’
1382 2454 1720 2490 manifestum
1751 2453 1972 2501 significat,
2000 2453 2093 2498 quia

596 2509 752 2544 dixerat
788 2513 824 2546 ‘o
854 2511 1105 2545 fortunatum
1137 2518 1276 2545 senem
1307 2509 1336 2543 si
1368 2512 1406 2544 et
1435 2509 1498 2544 hic
1527 2518 1661 2544 amaro
1689 2507 1877 2553 coeperit’
1904 2509 1956 2552 (v.
1987 2507 2092 2550 298),

594 2565 802 2607 tamquam
833 2565 955 2600 dicat:
985 2565 1065 2599 iam
1095 2564 1268 2600 occisum
1300 2564 1457 2607 patrem
1482 2564 1601 2598 tuum
1630 2563 1782 2599 scimus
1805 2561 1966 2606 iamque
1979 2562 2094 2598 defle-

597 2618 743 2653 vimus.
786 2618 808 2652 3
854 2617 875 2637 ἐξ
917 2618 1000 2653 Aut
1039 2616 1359 2654 ‘conclamatam’
1398 2617 1500 2652 satis
1537 2616 1871 2660 deploratum
1911 2615 2094 2660 satisque

594 2671 962 2717 vociferatum,
1005 2673 1049 2706 ut
1086 2673 1125 2707 in
1165 2670 1428 2707 conclamatis
1467 2670 1676 2706 funeribus
1712 2670 1823 2706 nulla
1851 2671 1930 2707 iam
1959 2669 2096 2706 dilatio

596 2727 659 2761 est
695 2725 842 2761 doloris
882 2735 925 2760 ac
965 2725 1115 2771 luctus,
1148 2728 1192 2761 ut
1221 2725 1409 2760 Lucanus
1441 2724 1496 2759 ait
1526 2726 1709 2769 ‘corpora
1736 2725 1916 2761 nondum
1943 2723 2097 2761 concla-

596 2780 709 2815 mata
738 2778 882 2814 iacent’
913 2779 960 2820 (2.
993 2778 1071 2821 22).

649 2850 668 2883 ‘2
694 2857 784 2883 IPSA
811 2858 880 2883 ns'r
906 2848 943 2883 id
969 2850 1032 2884 est
1065 2850 1123 2887 <.
1143 2876 1150 2884 .
1171 2851 1226 2888 .>
1256 2848 1321 2884 est
1345 2847 1407 2883 vel
1431 2846 1596 2891 pulchra
1621 2850 1702 2892 est,
1719 2847 1813 2892 quia
1826 2848 1970 2892 etipse
1985 2847 2093 2884 dixe-

593 2904 654 2937 rat
684 2903 794 2938 ‘haec
822 2904 989 2946 superat
1015 2902 1148 2946 ipsam
1179 2900 1384 2937 Thaidem’
1413 2903 1466 2943 (v,
1498 2901 1602 2947 231).

534 2975 558 3011 4
591 2983 722 3011 ALIAs
755 2983 833 3011 Bas
860 2983 962 3011 Aous
989 2975 1126 3022 recte,
1157 2973 1259 3021 quia
1285 2973 1401 3011 dixit
1426 2972 1500 3011 ille
1519 2973 1620 3011 ‘iam
1640 2973 1967 3012 conclamatum
1986 2973 2091 3011 est’:

479 3051 684 3096 5[A1.1As
716 3060 756 3088 R.
790 3051 843 3095 a.]
878 3051 955 3088 aut
988 3059 1092 3088 non
1124 3049 1389 3088 intendis
1421 3049 1485 3088 ad
1518 3049 1571 3087 id
1603 3049 1741 3097 quod
1775 3049 1898 3088 dico
1930 3045 2091 3096 signifi-
