2242 3443
304 723 353 761 74

306 953 353 989 76

307 1101 354 1137 79

302 1253 353 1289 80

305 1736 355 1773 82

306 1890 356 1926 83

307 2112 356 2149 84

310 2559 360 2594 85

1151 140 1232 178 120

422 271 567 299 ‹vivus
602 272 638 300 v.
676 267 728 306 P.)
762 263 870 302 bene
903 264 1067 303 addidit
1100 264 1298 314 ‘videns‘,
1329 269 1386 316 (a)
1416 267 1440 304 3
1469 275 1570 304 nam
1599 265 1777 304 ‘videre'
1796 275 1873 314 pro
1893 265 2073 314 vigilare

423 338 587 387 posuit,
629 340 677 377 ut
710 338 844 378 etiam
876 339 1120 391 Vergilius,
1154 352 1253 381 cum
1286 342 1338 382 de
1371 342 1514 381 Sileno
1548 342 1653 381 dicit
1685 342 1873 390 ‘iamque
1905 340 2076 380 videnti

422 415 675 462 sanguineis
707 415 896 454 frontem
930 417 1067 456 moris
1100 423 1144 456 et
1174 420 1375 467 tempora
1408 419 1559 467 pingit’
1594 416 1698 461 (Ecl.
1734 419 1771 457 6.
1806 418 1859 456 21
1894 418 1988 466 sq.).

628 489 643 523 1
678 500 700 524 a
725 487 747 512 ‘¹‘
772 490 813 524 et
837 490 983 534 ‘pereo’
1008 492 1065 527 sic
1089 491 1207 536 dixit,
1234 494 1279 528 ut
1303 493 1587 536 intellegamus
1614 491 1836 538 occidor,
1862 492 1904 528 et
1928 491 2074 527 ‘vivus’

545 542 664 585 quasi
703 543 914 587 sapiens
953 546 994 580 et
1033 547 1284 582 sentiens.
1326 548 1347 582 2
1381 546 1403 570 ²²<
1439 556 1534 582 nam
1560 546 1704 582 ‘vivus'
1729 546 1832 590 perit
1855 545 1978 582 etiam
2007 545 2074 590 qui

544 596 748 633 dormiens
778 598 1036 644 opprimitur,
1067 600 1234 636 ‘videns'
1261 603 1398 637 autem
1428 601 1494 645 qui
1521 601 1694 645 vigilans
1722 601 1803 636 vim
1834 601 2002 646 patitur,
2030 603 2075 636 ut

543 652 691 694 pereat.
721 652 743 686 4
774 652 878 697 Ergo
909 653 1055 689 ‘vivus'
1082 664 1162 690 non
1194 657 1402 700 mortuus„
1433 654 1603 691 ’videns'
1631 665 1711 691 non
1741 654 1958 691 dormiens.

480 723 498 759 1
534 733 710 785 cAi’rtJM
743 724 982 764 Sallustius
1015 726 1125 775 (Jug.
1163 728 1200 766 1.
1229 729 1270 772 4)
1299 726 1381 766 ‘sin
1411 729 1565 776 captus
1593 727 1743 776 pravis
1771 725 2075 776 cupidinibus’.

422 798 445 835 2
480 808 603 842 QUAM
635 808 775 844 QUEAS
807 810 968 840 MINIMO
1002 803 1305 850 perseveravit
1335 804 1379 842 in
1411 803 1719 853 translatione,
1748 812 1882 851 quam
1909 801 2074 840 iamdu-

422 873 587 913 dudum
618 875 675 917 (ν.
710 877 762 916 15
796 885 876 925 sq.)
907 878 1099 926 sumpsit
1130 886 1154 913 a
1186 878 1312 918 bello.

480 960 519 991 sr
550 961 673 991 SAPIS
705 953 748 992 id
780 954 847 992 est
878 953 915 993 si
947 955 1119 1003 sapias;
1152 955 1205 994 ad
1238 955 1445 995 inferiora
1476 955 1747 1004 iungendum
1780 956 1860 995 est.
1895 956 1948 998 (a)

598 1036 623 1062 a
649 1036 744 1063 nam
773 1027 888 1064 aliter
916 1038 997 1065 non
1026 1028 1288 1074 intellegitur.

478 1107 632 1136 Nosrm
659 1109 794 1138 FUNm
821 1110 1072 1139 GALAmTAs
1100 1101 1295 1150 proprie:
1326 1101 1630 1142 calamitatem
1647 1101 1804 1140 rustici
1819 1100 2075 1150 grandinem

422 1173 596 1222 dicunt,
626 1175 739 1222 quod
771 1176 1049 1215 comminuat
1080 1176 1377 1228 calamum,
1411 1178 1454 1217 id
1488 1180 1556 1217 est
1583 1177 1757 1217 culmen
1785 1187 1836 1216 ac
1862 1178 2075 1225 segetem.

476 1259 722 1289 INTERCIPIT
748 1251 920 1300 proprie
948 1251 1196 1302 ‘intercipit’
1225 1254 1351 1302 quasi
1373 1255 1516 1293 totum
1535 1254 1663 1303 capit.
1683 1254 1865 1293 Plautus
1880 1253 1926 1292 in
1945 1252 2075 1291 Aulu-

422 1325 531 1365 laria
569 1329 625 1370 (ν.
669 1327 770 1368 558)
804 1326 928 1376 ‘quae
961 1328 1056 1367 sola
1087 1329 1374 1380 interbibere,
1404 1330 1442 1368 si
1476 1330 1578 1369 vino
1605 1331 1771 1380 scatat,
1805 1329 2079 1369 Corinthien-

424 1412 520 1441 sem
552 1401 720 1442 fontem
754 1403 940 1443 Pirenen
972 1406 1149 1454 potest!

1177 1592 1202 1630 2

479 1743 595 1772 NUNc
618 1744 842 1773 Atronstm
859 1733 1224 1784 <‘ali0rsum’>
1240 1735 1284 1775 in
1303 1735 1436 1775 aliam
1455 1738 1646 1786 partem,
1674 1737 1723 1775 ut
1749 1746 1771 1775 s
1784 1746 1806 1776 e
1818 1746 1842 1775 o
1855 1746 1875 1775 r
1887 1746 1908 1775 s
1920 1745 2005 1775 um
2032 1738 2077 1775 et

425 1811 746 1849 retrorsum
780 1810 952 1850 dicitur.

480 1895 592 1931 Qoon
624 1896 730 1925 Ham
761 1896 1048 1927 1Nr1zomssus
1079 1897 1167 1926 NON
1199 1899 1274 1927 Esr
1306 1888 1414 1928 haec
1444 1888 1588 1928 lenius
1614 1890 1663 1928 ut
1691 1888 1743 1928 de
1769 1888 1885 1928 facto
1911 1898 1991 1929 suo
2018 1888 2075 1928 lo-

426 1971 579 2010 quens.
611 1964 667 2008 (a)

624 2046 649 2072 α
674 2036 860 2074 ‘exclusit
884 2039 1059 2075 revocat’
1084 2039 1230 2085 inquit,
1254 2039 1460 2076 ‘redeam?
1482 2049 1564 2076 non
1584 2039 1619 2075 si
1634 2049 1700 2076 me
1717 2039 1912 2076 obsecret’
1927 2042 1979 2081 (v,
1997 2039 2074 2082 49).

486 2109 506 2148 1
535 2119 678 2147 TREMO
701 2101 966 2155 'Honiznoouss
994 2120 1050 2149 ex
1076 2121 1225 2150 amore
1252 2111 1412 2150 nimio:
1441 2111 1606 2150 nimius
1632 2111 1748 2160 ignis
1774 2111 1979 2151 effectum
2005 2111 2074 2150 fri—

423 2185 541 2233 goris
567 2185 727 2235 reddit,
756 2187 805 2224 ut
832 2195 888 2225 ex
913 2186 1076 2235 frigore
1105 2186 1242 2226 nimio
1270 2187 1453 2227 effectus
1480 2187 1595 2236 ignis
1613 2187 1810 2233 exsistit,
1829 2187 2074 2226 secundum

425 2261 532 2300 illud
556 2261 669 2310 quod
696 2261 870 2311 physici
895 2263 1020 2301 aiunt
1047 2260 1274 2314 (ἀκρότητες
1299 2262 1514 2314 ἰσότητες’;
1544 2263 1646 2302 hinc
1673 2265 1716 2302 et
1743 2262 1964 2313 Vergilius
1987 2263 2076 2302 ‘aut

426 2337 590 2376 Boreae
617 2347 657 2387 p.
690 2337 741 2377 fr.
775 2337 945 2376 adurat’
977 2338 1119 2387 inquit
1151 2339 1239 2380 (Ge.
1277 2340 1316 2379 1.
1345 2337 1430 2383 93).
1610 2339 1613 2340 ’

601 2411 623 2446 2
652 2411 674 2433 *
703 2421 834 2448 ramo
863 2422 1105 2456 HORREOQUE
1133 2423 1345 2456 POSTQUAM
1373 2424 1521 2450 ASPEXI
1548 2424 1660 2450 HANG
1685 2415 1835 2451 natura
1857 2413 1994 2459 magni
2016 2423 2074 2450 ca-

543 2481 641 2518 loris
670 2482 794 2518 etiam
824 2482 1031 2520 horrorem
1059 2484 1218 2528 incutit,
1249 2486 1295 2520 ut
1325 2484 1474 2521 nimiae
1501 2484 1646 2521 febreS.

488 2554 508 2592 1
557 2564 723 2593 ACCEDE
767 2565 826 2592 An
869 2565 1007 2593 IGNEM
1039 2566 1159 2595 HUNc
1190 2556 1338 2606 aptius
1372 2555 1550 2604 ‘ignem'
1583 2556 1862 2596 meretricem
1895 2555 2074 2605 accipie-

426 2639 527 2668 mus
559 2639 692 2678 quam
725 2640 848 2669 aram
880 2630 1100 2680 Apollinis
1131 2632 1311 2682 Agyiei,
1345 2631 1414 2672 vel
1447 2632 1547 2680 quia
1579 2640 1727 2671 amore
1754 2619 1914 2681 uritur,
1942 2633 1990 2670 ut
2019 2630 2080 2670 ‘at

428 2704 537 2744 mihi
567 2715 665 2744 sese
697 2705 826 2745 offert
856 2706 971 2746 ultro
1003 2716 1130 2746 meus
1160 2707 1275 2756 ignis
1302 2707 1536 2756 Amyntas’
1571 2707 1673 2754 (Ecl.
1707 2708 1748 2748 3.
1777 2708 1862 2757 66),
1891 2707 1962 2746 vel
1978 2706 2080 2755 quia

429 2780 557 2820 avida
588 2776 646 2829 (α)
678 2783 763 2830 est,
797 2783 845 2820 ut
877 2781 1008 2830 ignis,
1044 2782 1372 2822 alimentorum.
1409 2784 1432 2821 2
1465 2794 1547 2821 IAM
1579 2793 1790 2822 CALmscEs
1816 2793 1925 2822 PLUS
1951 2793 2075 2821 SATIS

431 2866 559 2905 nove,
602 2856 645 2896 id
686 2858 755 2895 est
797 2867 995 2905 aequo;
1041 2859 1084 2897 et
1127 2858 1229 2897 alibi
1271 2857 1418 2907 ‘quam
1462 2868 1517 2897 ne
1559 2859 1660 2907 quid
1701 2859 1746 2897 in
1777 2858 1903 2898 illum
1933 2859 2075 2898 iratus

429 2931 526 2980 plus
566 2933 678 2971 satis
719 2932 850 2980 faxit,
894 2933 1032 2982 pater’
1069 2933 1244 2978 (Heaut.
1281 2933 1405 2983 198);
1438 2935 1463 2972 4
1497 2934 1579 2973 hoc
1610 2935 1790 2982 quidam
1821 2935 1995 2984 putant,
2029 2935 2075 2972 at

430 3007 539 3046 mihi
564 3008 737 3046 videtur
769 3008 821 3047 de
848 3008 918 3047 his
946 3018 1060 3058 esse,
1090 3019 1200 3056 quae
1227 3020 1253 3048 a
1279 3009 1503 3049 veteribus
1529 3010 1887 3059 geminabantur,
1915 3011 1964 3049 ut
1989 3009 2073 3059 ple-
