2242 3443
336 574 408 608 168

330 724 405 760 220

329 950 406 986 324

329 1027 402 1062 ⁸27

1081 224 1337 252 PRAEFATIO.

481 342 555 389 sit,
600 341 674 380 sed
717 339 845 379 simul
890 341 1030 378 forma
1070 341 1297 388 tantopere
1341 339 1494 378 eadem
1537 339 1800 388 discrepant,
1833 340 1883 378 ut
1913 349 1969 378 ex
2003 347 2089 378 uno

480 418 714 464 eodemque
742 417 983 464 antiquiore
1010 417 1216 463 excerpta
1243 425 1340 454 esse
1367 417 1607 463 nequeant;
1637 415 1768 465 vulgo
1794 417 1946 455 tamen
1963 415 2088 454 ratio-

478 504 555 532 nes
589 503 673 532 non
702 493 877 541 desunt,
908 502 982 530 cur
1011 491 1200 530 alterum
1228 490 1357 530 alteri
1383 491 1715 531 anteferendum
1745 501 1843 532 esse
1870 493 2058 531 statuas.

483 572 498 607 1
553 571 595 607 et
637 570 660 606 2
706 569 950 617 Respicitur
993 578 1033 606 v.
1078 568 1154 615 49,
1193 567 1264 606 ubi
1299 567 1396 607 vide
1428 568 1598 607 scholia
1632 570 1667 607 1.
1703 569 1742 607 2.
1777 569 1802 606 3
1837 569 1880 607 et
1912 567 2087 607 adnota-

477 646 618 684 tiones
651 655 786 683 meas.
821 644 1054 683 Continent
1085 643 1226 691 idem;
1261 654 1339 693 ego
1372 644 1559 693 praetuli
1593 645 1631 683 2.

479 723 518 767 1,
554 725 624 761 221
662 723 696 759 1.
727 720 972 768 Utrumque
1001 720 1192 759 continet
1218 719 1279 768 id,
1308 720 1420 768 quod
1449 721 1698 770 requiritur,
1723 720 1922 760 oratione
1938 720 2088 758 tamen

475 807 651 844 prorsus
682 796 877 843 diversa;
912 796 987 835 sed
1014 796 1056 834 in
1086 796 1224 835 altero
1255 795 1505 846 ‘abrogatur
1531 796 1651 837 fides’
1680 796 1925 845 elegantius
1942 797 2086 835 etius-

477 873 564 910 tius
597 873 762 911 dictum
796 873 902 910 mihi
936 872 1121 921 videtur,
1155 882 1289 920 quam
1324 871 1422 912 ‘non
1457 873 1593 912 credit
1624 873 1791 912 factum
1825 873 1952 911 esse'.

476 948 500 985 3
535 950 578 985 et
610 952 648 987 4.
683 948 884 987 Praefero
915 947 1149 997 posterius.

477 1024 500 1060 2
545 1025 587 1062 et
629 1025 667 1062 5.
712 1024 887 1063 Scholia
917 1024 1068 1063 referri
1100 1026 1287 1073 possunt
1317 1025 1370 1064 ad
1403 1025 1593 1074 primum
1625 1035 1779 1075 genuS,
1812 1023 1926 1073 quod
1957 1022 2089 1063 modo

476 1100 674 1148 tractavi,
734 1101 897 1139 etenim
943 1101 986 1139 in
1033 1101 1274 1149 posteriore
1319 1101 1442 1141 deest
1487 1101 1858 1151 pronuntiationis
1904 1099 2085 1148 mentio,

477 1185 584 1222 quae
616 1177 760 1214 omitti
793 1187 878 1216 non
911 1176 1072 1216 debuit.

591 1251 690 1290 Alia
722 1252 851 1291 huius
882 1253 1055 1301 generis
1088 1263 1174 1293 non
1208 1254 1389 1304 repperi,
1418 1254 1502 1294 nisi
1530 1254 1640 1293 forte
1669 1254 1738 1293 34.
1771 1255 1790 1292 1
1812 1255 1856 1293 et
1874 1253 1914 1302 2,
1933 1252 1984 1292 de
2001 1261 2085 1300 quo

474 1327 571 1366 vide
603 1329 699 1367 adn.
734 1329 786 1367 ad
818 1330 934 1368 hunc
963 1340 1157 1370 versum.

594 1415 626 1442 C.

594 1480 737 1521 Tertio
765 1481 857 1521 loco
885 1483 1100 1531 quaedam
1127 1483 1191 1523 ita
1217 1485 1472 1533 comparata
1496 1484 1601 1523 sunt
1624 1485 1674 1522 ut
1698 1482 1886 1523 alterum
1905 1480 2087 1521 alterius

476 1558 729 1605 excerptum
764 1558 980 1606 quoddam
1015 1560 1254 1609 contineat,
1289 1560 1538 1608 ceteroquin
1570 1559 1775 1609 disparia.

354 1636 400 1671 67
447 1634 486 1670 et
527 1638 577 1672 68
623 1635 640 1671 1
685 1645 711 1672 a
754 1636 797 1673 et
840 1636 878 1674 2.
911 1635 1192 1675 Postremum
1226 1646 1327 1676 cum
1359 1635 1527 1676 duobus
1559 1635 1775 1685 prioribus
1807 1634 2012 1674 convenit
2041 1633 2085 1672 in

330 2166 402 2202 188

330 2317 401 2354 147

329 2469 402 2505 156

331 2622 401 2656 167

475 1708 528 1746 iis
566 1718 675 1756 quae
716 1710 923 1750 dicuntur
964 1711 1015 1750 de
1059 1712 1229 1752 theatro
1271 1714 1315 1752 et
1356 1713 1408 1752 de
1451 1711 1670 1760 Cicerone,
1702 1722 1805 1751 nam
1834 1710 2004 1750 Tullius
2035 1709 2087 1749 de

474 1784 551 1822 hac
593 1787 814 1825 sententia
851 1797 1070 1836 nusquam
1103 1788 1273 1828 ‘multa’
1307 1789 1434 1836 dixit,
1468 1791 1682 1837 quantum
1714 1788 1895 1836 scimus,
1927 1786 2003 1826 sed
2036 1795 2088 1825 ea

473 1861 646 1899 tantum
679 1872 788 1909 quae
821 1863 1012 1903 citantur
1043 1864 1087 1903 in
1124 1865 1144 1903 1
1178 1875 1228 1912 α;
1262 1866 1456 1904 ceterum
1489 1865 1604 1904 mira
1635 1866 1705 1903 est
1735 1863 1971 1903 antithesis
1996 1863 2086 1902 the-

475 1936 558 1974 atri
591 1939 633 1975 et
666 1937 805 1977 officii.
841 1939 992 1989 Nemo,
1027 1941 1193 1990 opinor,
1227 1941 1335 1981 haec
1367 1941 1452 1980 tria
1485 1951 1540 1981 ex
1567 1941 1653 1981 alio
1681 1940 1870 1989 quodam
1897 1939 2087 1989 genuino

472 2012 638 2052 scholio
687 2024 711 2052 a
757 2014 925 2054 duobus
968 2017 1296 2066 excerptoribus
1338 2019 1480 2057 tracta
1521 2028 1618 2058 esse
1660 2017 1905 2058 contendet.
1937 2016 2088 2055 Denuo

474 2089 621 2127 autem
655 2092 697 2128 et
734 2091 788 2129 67
819 2092 861 2130 et
889 2092 943 2131 68
977 2094 995 2131 1
1025 2104 1052 2132 α
1077 2093 1192 2142 pleni
1220 2095 1264 2133 et
1289 2088 1451 2134 sinceri
1478 2094 1638 2134 scholii
1664 2103 1875 2133 numeros
1892 2091 2086 2142 explent.

475 2164 498 2201 2
541 2167 583 2203 et
625 2166 649 2203 2
693 2177 732 2204 α.
780 2166 872 2206 Ηο0
915 2168 1096 2208 liberius
1139 2171 1398 2219 excerptum
1441 2171 1510 2210 est
1541 2180 1595 2210 ex
1629 2171 1653 2208 2
1686 2171 1851 2210 omisso
1884 2169 2086 2218 exemplo

475 2239 738 2289 Vergiliano.

473 2316 497 2354 3
532 2318 575 2355 et
606 2318 645 2356 4.
680 2318 727 2356 In
762 2320 786 2358 3
815 2330 890 2368 pro
918 2321 1056 2361 otioso
1086 2322 1388 2362 additamento
1416 2322 1460 2361 in
1488 2324 1513 2361 4
1543 2322 1598 2361 ‘id
1627 2319 1724 2371 est',
1753 2322 1914 2362 citatur
1942 2331 2085 2361 exem·

474 2392 592 2439 plum
627 2394 898 2444 Plautinum,
933 2397 1045 2445 quod
1078 2398 1182 2437 dicti
1215 2398 1584 2447 significationem
1618 2399 1728 2437 satis
1761 2398 1967 2438 illustrat.

472 2467 495 2505 2
529 2469 668 2508 reddit
699 2470 788 2510 fere
820 2482 931 2519 quae
962 2473 1170 2522 leguntur
1201 2474 1245 2513 in
1277 2474 1364 2514 fine
1389 2474 1543 2514 scholii
1576 2476 1616 2524 4,
1642 2474 1719 2514 sed
1746 2474 1911 2514 omittit
1938 2474 2088 2514 omnia

475 2553 582 2591 quae
613 2545 702 2585 illic
734 2549 1013 2596 praecedunt.

474 2619 498 2657 3
531 2631 558 2657 a
589 2622 730 2661 reddit
762 2624 938 2664 initium
971 2626 1182 2675 longioris
1214 2627 1368 2667 scholii
1403 2629 1439 2677 l,
1474 2627 1686 2666 omittens
1718 2626 1902 2675 reliqua:

333 2697 405 2732 173
479 2696 496 2732 1
529 2698 571 2734 et
590 2698 628 2736 3.
648 2698 871 2739 Scholium
892 2701 917 2740 3
936 2702 1096 2751 repetit
1113 2702 1244 2743 finem
1265 2703 1462 2752 alterius,
1482 2703 1558 2742 sed
1575 2703 1746 2742 omittit
1762 2703 1953 2752 initium,
1973 2702 2086 2751 quod

475 2780 654 2811 causam
684 2776 890 2826 continet,
920 2788 996 2817 cur
1025 2779 1147 2818 Simo
1175 2779 1285 2819 haec
1301 2779 1444 2819 multo
1462 2782 1565 2819 ante
1583 2778 1807 2818 audivisse
1824 2778 2025 2818 debuerit
2045 2774 2087 2824 ¹).

422 2923 442 2962 11
470 2922 562 2959 Vide
588 2938 685 2970 quae
708 2926 752 2962 de
778 2927 931 2964 scholiis
959 2929 1006 2965 ad
1034 2943 1065 2964 v.
1094 2931 1160 2966 172
1183 2933 1221 2967 et
1246 2932 1310 2968 173
1333 2931 1526 2977 disputavi
1552 2931 1589 2967 in
1614 2930 1690 2969 Mn.
1714 2931 1936 2976 39(1911)p.
1950 2930 2011 2966 171
2027 2943 2084 2976 sq.

330 2975 458 3008 eontra
494 2976 721 3018 Struckium‚
743 2980 806 3024 qui
833 2981 1018 3018 scholium
1045 2983 1119 3018 173.
1146 2985 1161 3018 1
1187 2997 1262 3020 non
1287 2984 1538 3020 Terentianae
1563 2984 1630 3020 sed
1655 2983 1909 3020 Menandreae
1932 2983 2084 3020 fabulae

330 3030 530 3064 convenire
558 3031 716 3066 «licebat.
742 3031 1022 3070 Wessnerus
1049 3035 1087 3071 in
1112 3049 1271 3073 censura
1294 3037 1380 3073 libri
1406 3037 1477 3072 mei
1501 3036 1574 3079 (W.
1599 3036 1622 3072 f.
1649 3036 1697 3071 kl.
1722 3036 1792 3072 Τ11.
1818 3035 1906 3072 1907
1925 3048 1959 3081 p.
1981 3032 2082 3073 1401)

330 3080 497 3127 scripsit:
533 3082 745 3118 Besonders
779 3085 863 3119 ilbel
895 3086 946 3122 ist
977 3087 1168 3133 Μαι-51011)
1201 3090 1315 3126 daran
1341 3090 1402 3127 bei
1426 3090 1554 3127 solche
1579 3089 1760 3130 scholien,
1782 3089 1841 3126 die
1866 3088 1947 3125 sich
1973 3091 2082 3124 wort-
