<?xml version="1.0" encoding="UTF-8"?>
<!DOCTYPE html PUBLIC "-//W3C//DTD XHTML 1.0 Transitional//EN"
    "http://www.w3.org/TR/xhtml1/DTD/xhtml1-transitional.dtd">
<html xmlns="http://www.w3.org/1999/xhtml" xml:lang="en" lang="en">
 <head>
  <title>
</title>
<meta http-equiv="Content-Type" content="text/html;charset=utf-8" />
  <meta name='ocr-system' content='tesseract 3.04.00' />
  <meta name='ocr-capabilities' content='ocr_page ocr_carea ocr_par ocr_line ocrx_word'/>
</head>
<body>
  <div class='ocr_page' id='page_1' title='image "./commentidonatian00donauoft/commentidonatian00donauoft_0128.png"; bbox 0 0 2242 3443; ppageno 0'>
   <div class='ocr_carea' id='block_1_1' title="bbox 413 475 488 510">
    <p class='ocr_par' dir='ltr' id='par_1_1' title="bbox 413 475 488 510">
     <span class='ocr_line' id='line_1_1' title="bbox 413 475 488 510; baseline 0 0"><span class='ocrx_word' id='word_1_1' title='bbox 413 475 488 510; x_wconf 83' lang='grc'>766</span> 
     </span>
    </p>
   </div>
   <div class='ocr_carea' id='block_1_2' title="bbox 409 897 484 932">
    <p class='ocr_par' dir='ltr' id='par_1_2' title="bbox 409 897 484 932">
     <span class='ocr_line' id='line_1_2' title="bbox 409 897 484 932; baseline 0 0"><span class='ocrx_word' id='word_1_2' title='bbox 409 897 484 932; x_wconf 82' lang='grc'>768</span> 
     </span>
    </p>
   </div>
   <div class='ocr_carea' id='block_1_3' title="bbox 407 1051 482 1085">
    <p class='ocr_par' dir='ltr' id='par_1_3' title="bbox 407 1051 482 1085">
     <span class='ocr_line' id='line_1_3' title="bbox 407 1051 482 1085; baseline 0 0"><span class='ocrx_word' id='word_1_3' title='bbox 407 1051 482 1085; x_wconf 77' lang='grc'>769</span> 
     </span>
    </p>
   </div>
   <div class='ocr_carea' id='block_1_4' title="bbox 407 1480 482 1515">
    <p class='ocr_par' dir='ltr' id='par_1_4' title="bbox 407 1480 482 1515">
     <span class='ocr_line' id='line_1_4' title="bbox 407 1480 482 1515; baseline 0 0"><span class='ocrx_word' id='word_1_4' title='bbox 407 1480 482 1515; x_wconf 84' lang='grc'>770</span> 
     </span>
    </p>
   </div>
   <div class='ocr_carea' id='block_1_5' title="bbox 409 1708 480 1743">
    <p class='ocr_par' dir='ltr' id='par_1_5' title="bbox 409 1708 480 1743">
     <span class='ocr_line' id='line_1_5' title="bbox 409 1708 480 1743; baseline 0 -1"><span class='ocrx_word' id='word_1_5' title='bbox 409 1708 480 1743; x_wconf 91' lang='grc'><strong>771</strong></span> 
     </span>
    </p>
   </div>
   <div class='ocr_carea' id='block_1_6' title="bbox 408 2162 482 2199">
    <p class='ocr_par' dir='ltr' id='par_1_6' title="bbox 408 2162 482 2199">
     <span class='ocr_line' id='line_1_6' title="bbox 408 2162 482 2199; baseline 0 -1"><span class='ocrx_word' id='word_1_6' title='bbox 408 2162 482 2199; x_wconf 83' lang='grc'>772</span> 
     </span>
    </p>
   </div>
   <div class='ocr_carea' id='block_1_7' title="bbox 407 2315 482 2351">
    <p class='ocr_par' dir='ltr' id='par_1_7' title="bbox 407 2315 482 2351">
     <span class='ocr_line' id='line_1_7' title="bbox 407 2315 482 2351; baseline -0.013 0"><span class='ocrx_word' id='word_1_7' title='bbox 407 2315 482 2351; x_wconf 82' lang='lat'>773</span> 
     </span>
    </p>
   </div>
   <div class='ocr_carea' id='block_1_8' title="bbox 408 2468 482 2574">
    <p class='ocr_par' dir='ltr' id='par_1_8' title="bbox 408 2468 482 2574">
     <span class='ocr_line' id='line_1_8' title="bbox 408 2468 482 2504; baseline -0.014 0"><span class='ocrx_word' id='word_1_8' title='bbox 408 2468 482 2504; x_wconf 82' lang='lat'>772</span> 
     </span>
     <span class='ocr_line' id='line_1_9' title="bbox 408 2537 482 2574; baseline 0 -1"><span class='ocrx_word' id='word_1_9' title='bbox 408 2537 482 2574; x_wconf 80' lang='lat'>773</span> 
     </span>
    </p>
   </div>
   <div class='ocr_carea' id='block_1_9' title="bbox 408 2668 483 2704">
    <p class='ocr_par' dir='ltr' id='par_1_9' title="bbox 408 2668 483 2704">
     <span class='ocr_line' id='line_1_10' title="bbox 408 2668 483 2704; baseline 0 -1"><span class='ocrx_word' id='word_1_10' title='bbox 408 2668 483 2704; x_wconf 78' lang='grc'>775</span> 
     </span>
    </p>
   </div>
   <div class='ocr_carea' id='block_1_10' title="bbox 410 2897 485 2932">
    <p class='ocr_par' dir='ltr' id='par_1_10' title="bbox 410 2897 485 2932">
     <span class='ocr_line' id='line_1_11' title="bbox 410 2897 485 2932; baseline 0 0"><span class='ocrx_word' id='word_1_11' title='bbox 410 2897 485 2932; x_wconf 84' lang='grc'>776</span> 
     </span>
    </p>
   </div>
   <div class='ocr_carea' id='block_1_11' title="bbox 1265 198 1321 237">
    <p class='ocr_par' dir='ltr' id='par_1_11' title="bbox 1265 198 1321 237">
     <span class='ocr_line' id='line_1_12' title="bbox 1265 198 1321 237; baseline 0 0"><span class='ocrx_word' id='word_1_12' title='bbox 1265 198 1321 237; x_wconf 84' lang='grc'>92</span> 
     </span>
    </p>
   </div>
   <div class='ocr_carea' id='block_1_12' title="bbox 559 320 2177 522">
    <p class='ocr_par' dir='ltr' id='par_1_12' title="bbox 559 320 2177 522">
     <span class='ocr_line' id='line_1_13' title="bbox 559 320 2174 371; baseline 0.002 -14"><span class='ocrx_word' id='word_1_13' title='bbox 559 321 605 357; x_wconf 85' lang='lat' dir='ltr'>ut</span> <span class='ocrx_word' id='word_1_14' title='bbox 636 320 774 358; x_wconf 87' lang='lat' dir='ltr'>soceri</span> <span class='ocrx_word' id='word_1_15' title='bbox 807 320 983 358; x_wconf 84' lang='lat' dir='ltr'>auribus</span> <span class='ocrx_word' id='word_1_16' title='bbox 1017 320 1310 360; x_wconf 67' lang='lat' dir='ltr'>adulescentis</span> <span class='ocrx_word' id='word_1_17' title='bbox 1337 333 1500 362; x_wconf 86' lang='lat' dir='ltr'>nomen</span> <span class='ocrx_word' id='word_1_18' title='bbox 1530 322 1742 370; x_wconf 85' lang='lat' dir='ltr'>inculcet;</span> <span class='ocrx_word' id='word_1_19' title='bbox 1771 322 1930 361; x_wconf 88' lang='lat' dir='ltr'>metuit</span> <span class='ocrx_word' id='word_1_20' title='bbox 1955 322 2093 371; x_wconf 88' lang='lat' dir='ltr'>enim,</span> <span class='ocrx_word' id='word_1_21' title='bbox 2121 331 2174 361; x_wconf 90' lang='lat' dir='ltr'>ne</span> 
     </span>
     <span class='ocr_line' id='line_1_14' title="bbox 559 395 1163 435; baseline 0.003 -2"><span class='ocrx_word' id='word_1_22' title='bbox 559 405 643 434; x_wconf 90' lang='lat' dir='ltr'>non</span> <span class='ocrx_word' id='word_1_23' title='bbox 676 395 826 434; x_wconf 85' lang='lat' dir='ltr'>audiat</span> <span class='ocrx_word' id='word_1_24' title='bbox 858 395 980 434; x_wconf 89' lang='lat' dir='ltr'>velut</span> <span class='ocrx_word' id='word_1_25' title='bbox 1012 406 1163 435; x_wconf 79' lang='lat' dir='ltr'>senex,</span> 
     </span>
     <span class='ocr_line' id='line_1_15' title="bbox 609 472 2177 522; baseline 0.001 -13"><span class='ocrx_word' id='word_1_26' title='bbox 609 473 627 509; x_wconf 85' lang='grc'><strong>1</strong></span> <span class='ocrx_word' id='word_1_27' title='bbox 675 481 807 509; x_wconf 68' lang='lat' dir='ltr'>REc&#39;rE</span> <span class='ocrx_word' id='word_1_28' title='bbox 850 481 929 511; x_wconf 80' lang='lat' dir='ltr'>EGo</span> <span class='ocrx_word' id='word_1_29' title='bbox 963 482 1006 509; x_wconf 79' lang='lat' dir='ltr'>H.</span> <span class='ocrx_word' id='word_1_30' title='bbox 1042 482 1075 510; x_wconf 88' lang='lat' dir='ltr'>s.</span> <span class='ocrx_word' id='word_1_31' title='bbox 1110 483 1146 511; x_wconf 76' lang='lat' dir='ltr'>E.</span> <span class='ocrx_word' id='word_1_32' title='bbox 1181 483 1222 511; x_wconf 74' lang='lat' dir='ltr'>N.</span> <span class='ocrx_word' id='word_1_33' title='bbox 1257 476 1301 512; x_wconf 80' lang='lat' dir='ltr'>et</span> <span class='ocrx_word' id='word_1_34' title='bbox 1335 474 1404 514; x_wconf 87' lang='lat' dir='ltr'>hic</span> <span class='ocrx_word' id='word_1_35' title='bbox 1438 475 1580 513; x_wconf 85' lang='lat' dir='ltr'>effecit</span> <span class='ocrx_word' id='word_1_36' title='bbox 1611 474 1724 522; x_wconf 89' lang='lat' dir='ltr'>quod</span> <span class='ocrx_word' id='word_1_37' title='bbox 1758 473 1897 512; x_wconf 88' lang='lat' dir='ltr'>voluit</span> <span class='ocrx_word' id='word_1_38' title='bbox 1927 472 2093 522; x_wconf 92' lang='lat' dir='ltr'>Davus,</span> <span class='ocrx_word' id='word_1_39' title='bbox 2129 473 2177 511; x_wconf 90' lang='lat' dir='ltr'>ut</span> 
     </span>
    </p>
   </div>
   <div class='ocr_carea' id='block_1_13' title="bbox 557 546 2174 659">
    <p class='ocr_par' dir='ltr' id='par_1_13' title="bbox 557 546 2174 659">
     <span class='ocr_line' id='line_1_16' title="bbox 557 546 2174 598; baseline 0.002 -13"><span class='ocrx_word' id='word_1_40' title='bbox 557 549 600 586; x_wconf 86' lang='lat' dir='ltr'>et</span> <span class='ocrx_word' id='word_1_41' title='bbox 628 547 843 595; x_wconf 74' lang='lat' dir='ltr'>Pamphili</span> <span class='ocrx_word' id='word_1_42' title='bbox 869 546 1078 587; x_wconf 81' lang='lat' dir='ltr'>Chremes</span> <span class='ocrx_word' id='word_1_43' title='bbox 1108 559 1290 597; x_wconf 85' lang='lat' dir='ltr'>puerum</span> <span class='ocrx_word' id='word_1_44' title='bbox 1318 560 1416 589; x_wconf 89' lang='lat' dir='ltr'>esse</span> <span class='ocrx_word' id='word_1_45' title='bbox 1443 554 1680 598; x_wconf 83' lang='lat' dir='ltr'>cognoscat</span> <span class='ocrx_word' id='word_1_46' title='bbox 1702 552 1744 589; x_wconf 87' lang='lat' dir='ltr'>et</span> <span class='ocrx_word' id='word_1_47' title='bbox 1761 550 1932 589; x_wconf 86' lang='lat' dir='ltr'>recuset</span> <span class='ocrx_word' id='word_1_48' title='bbox 1947 559 2174 597; x_wconf 76' lang='lat' dir='ltr'>generum.</span> 
     </span>
     <span class='ocr_line' id='line_1_17' title="bbox 729 622 1417 659; baseline 0.004 -3"><span class='ocrx_word' id='word_1_49' title='bbox 729 622 750 656; x_wconf 77' lang='lat'>‘2</span> <span class='ocrx_word' id='word_1_50' title='bbox 778 632 858 657; x_wconf 81' lang='lat' dir='ltr'>HAS</span> <span class='ocrx_word' id='word_1_51' title='bbox 890 633 983 658; x_wconf 69' lang='lat' dir='ltr'>fuel</span> <span class='ocrx_word' id='word_1_52' title='bbox 1014 623 1049 658; x_wconf 88' lang='lat' dir='ltr'>id</span> <span class='ocrx_word' id='word_1_53' title='bbox 1081 626 1142 658; x_wconf 80' lang='lat' dir='ltr'>est</span> <span class='ocrx_word' id='word_1_54' title='bbox 1174 624 1417 659; x_wconf 75' lang='lat' dir='ltr'>huiusmodi.</span> 
     </span>
    </p>
   </div>
   <div class='ocr_carea' id='block_1_14' title="bbox 611 694 1900 746">
    <p class='ocr_par' dir='ltr' id='par_1_14' title="bbox 611 694 1900 746">
     <span class='ocr_line' id='line_1_18' title="bbox 611 694 1900 746; baseline 0.003 -15"><span class='ocrx_word' id='word_1_55' title='bbox 611 695 628 730; x_wconf 91' lang='grc'><strong>1</strong></span> <span class='ocrx_word' id='word_1_56' title='bbox 664 703 687 731; x_wconf 96' lang='lat' dir='ltr'>o</span> <span class='ocrx_word' id='word_1_57' title='bbox 715 704 901 732; x_wconf 77' lang='lat' dir='ltr'>FAClNUS</span> <span class='ocrx_word' id='word_1_58' title='bbox 935 705 1384 735; x_wconf 76' lang='lat' dir='ltr'>ANIMADVERTENDUM</span> <span class='ocrx_word' id='word_1_59' title='bbox 1418 694 1694 746; x_wconf 72' lang='grc' dir='ltr'><em>ἀποσιώπησις</em></span> <span class='ocrx_word' id='word_1_60' title='bbox 1729 697 1900 745; x_wconf 83' lang='lat' dir='ltr'>quarta.</span> 
     </span>
    </p>
   </div>
   <div class='ocr_carea' id='block_1_15' title="bbox 676 769 2175 869">
    <p class='ocr_par' dir='ltr' id='par_1_15' title="bbox 676 769 2175 869">
     <span class='ocr_line' id='line_1_19' title="bbox 727 769 2175 815; baseline 0.001 -12"><span class='ocrx_word' id='word_1_61' title='bbox 727 769 747 802; x_wconf 87' lang='grc'>2</span> <span class='ocrx_word' id='word_1_62' title='bbox 786 777 881 809; x_wconf 74' lang='lat' dir='ltr'>Quin</span> <span class='ocrx_word' id='word_1_63' title='bbox 921 779 1121 805; x_wconf 69' lang='lat' dir='ltr'>CLAMITAS</span> <span class='ocrx_word' id='word_1_64' title='bbox 1161 770 1347 806; x_wconf 84' lang='lat' dir='ltr'>clamavit</span> <span class='ocrx_word' id='word_1_65' title='bbox 1388 771 1497 806; x_wconf 83' lang='lat' dir='ltr'>enim</span> <span class='ocrx_word' id='word_1_66' title='bbox 1537 771 1674 806; x_wconf 82' lang='lat' dir='ltr'>Davus</span> <span class='ocrx_word' id='word_1_67' title='bbox 1716 772 1762 806; x_wconf 88' lang='lat' dir='ltr'>ut</span> <span class='ocrx_word' id='word_1_68' title='bbox 1795 769 1991 815; x_wconf 89' lang='lat' dir='ltr'>‘puerum’</span> <span class='ocrx_word' id='word_1_69' title='bbox 2018 769 2175 806; x_wconf 86' lang='lat' dir='ltr'>audiret</span> 
     </span>
     <span class='ocr_line' id='line_1_20' title="bbox 676 822 929 869; baseline -0.004 -11"><span class='ocrx_word' id='word_1_70' title='bbox 676 822 879 858; x_wconf 77' lang='lat' dir='ltr'>Chremes.</span> <span class='ocrx_word' id='word_1_71' title='bbox 905 823 929 869; x_wconf 91' lang='lat'>¹)</span> 
     </span>
    </p>
   </div>
   <div class='ocr_carea' id='block_1_16' title="bbox 556 892 2176 1246">
    <p class='ocr_par' dir='ltr' id='par_1_16' title="bbox 556 892 2174 1017">
     <span class='ocr_line' id='line_1_21' title="bbox 607 892 2174 943; baseline 0.001 -12"><span class='ocrx_word' id='word_1_72' title='bbox 607 902 782 938; x_wconf 75' lang='lat' dir='ltr'>QUEMNE</span> <span class='ocrx_word' id='word_1_73' title='bbox 826 904 905 932; x_wconf 80' lang='lat' dir='ltr'>EGo</span> <span class='ocrx_word' id='word_1_74' title='bbox 939 904 1055 933; x_wconf 71' lang='lat' dir='ltr'>carr.</span> <span class='ocrx_word' id='word_1_75' title='bbox 1091 895 1185 933; x_wconf 84' lang='lat' dir='ltr'>vult</span> <span class='ocrx_word' id='word_1_76' title='bbox 1221 896 1418 943; x_wconf 89' lang='lat' dir='ltr'>negando</span> <span class='ocrx_word' id='word_1_77' title='bbox 1453 897 1635 935; x_wconf 80' lang='lat' dir='ltr'>inritare</span> <span class='ocrx_word' id='word_1_78' title='bbox 1669 896 1907 934; x_wconf 83' lang='lat' dir='ltr'><strong>mulierum</strong></span> <span class='ocrx_word' id='word_1_79' title='bbox 1940 895 1993 934; x_wconf 88' lang='lat' dir='ltr'>ad</span> <span class='ocrx_word' id='word_1_80' title='bbox 2025 892 2174 934; x_wconf 91' lang='lat' dir='ltr'>confir·</span> 
     </span>
     <span class='ocr_line' id='line_1_22' title="bbox 556 969 1004 1017; baseline 0.002 -9"><span class='ocrx_word' id='word_1_81' title='bbox 556 969 716 1008; x_wconf 89' lang='lat' dir='ltr'>manda</span> <span class='ocrx_word' id='word_1_82' title='bbox 748 980 858 1017; x_wconf 87' lang='lat' dir='ltr'>quae</span> <span class='ocrx_word' id='word_1_83' title='bbox 894 970 1004 1009; x_wconf 86' lang='lat' dir='ltr'>vult.</span> 
     </span>
    </p>

    <p class='ocr_par' dir='ltr' id='par_1_17' title="bbox 557 1046 2176 1246">
     <span class='ocr_line' id='line_1_23' title="bbox 611 1046 2175 1097; baseline 0.003 -14"><span class='ocrx_word' id='word_1_84' title='bbox 611 1046 630 1083; x_wconf 88' lang='lat'>1</span> <span class='ocrx_word' id='word_1_85' title='bbox 667 1056 689 1084; x_wconf 95' lang='lat' dir='ltr'>o</span> <span class='ocrx_word' id='word_1_86' title='bbox 722 1056 927 1084; x_wconf 74' lang='lat' dir='ltr'>HomNEM</span> <span class='ocrx_word' id='word_1_87' title='bbox 957 1058 998 1085; x_wconf 89' lang='lat' dir='ltr'>A.</span> <span class='ocrx_word' id='word_1_88' title='bbox 1030 1047 1301 1087; x_wconf 79' lang='lat' dir='ltr'>exclamatio</span> <span class='ocrx_word' id='word_1_89' title='bbox 1330 1048 1511 1097; x_wconf 86' lang='lat' dir='ltr'>Mysidis</span> <span class='ocrx_word' id='word_1_90' title='bbox 1538 1048 1846 1088; x_wconf 86' lang='lat' dir='ltr'>testimonium</span> <span class='ocrx_word' id='word_1_91' title='bbox 1876 1048 2077 1087; x_wconf 87' lang='lat' dir='ltr'>veritatis</span> <span class='ocrx_word' id='word_1_92' title='bbox 2094 1049 2175 1087; x_wconf 88' lang='lat' dir='ltr'>est.</span> 
     </span>
     <span class='ocr_line' id='line_1_24' title="bbox 557 1121 2176 1174; baseline 0.002 -15"><span class='ocrx_word' id='word_1_93' title='bbox 557 1122 581 1160; x_wconf 89' lang='lat'>3</span> <span class='ocrx_word' id='word_1_94' title='bbox 611 1121 892 1160; x_wconf 73' lang='lat' dir='ltr'>Canthara</span> <span class='ocrx_word' id='word_1_95' title='bbox 920 1132 1080 1162; x_wconf 86' lang='lat' dir='ltr'>nomen</span> <span class='ocrx_word' id='word_1_96' title='bbox 1108 1125 1177 1162; x_wconf 87' lang='lat' dir='ltr'>est</span> <span class='ocrx_word' id='word_1_97' title='bbox 1200 1133 1324 1163; x_wconf 82' lang='lat' dir='ltr'>anus.</span> <span class='ocrx_word' id='word_1_98' title='bbox 1345 1126 1370 1163; x_wconf 90' lang='lat'>4</span> <span class='ocrx_word' id='word_1_99' title='bbox 1395 1126 1439 1164; x_wconf 87' lang='lat' dir='ltr'>et</span> <span class='ocrx_word' id='word_1_100' title='bbox 1455 1125 1536 1164; x_wconf 90' lang='lat' dir='ltr'>hoc</span> <span class='ocrx_word' id='word_1_101' title='bbox 1552 1125 1683 1174; x_wconf 80' lang='lat' dir='ltr'>dixit,</span> <span class='ocrx_word' id='word_1_102' title='bbox 1702 1126 1751 1163; x_wconf 92' lang='lat' dir='ltr'>ut</span> <span class='ocrx_word' id='word_1_103' title='bbox 1768 1124 1925 1163; x_wconf 86' lang='lat' dir='ltr'>leviter</span> <span class='ocrx_word' id='word_1_104' title='bbox 1941 1123 2176 1172; x_wconf 87' lang='lat' dir='ltr'>redarguat</span> 
     </span>
     <span class='ocr_line' id='line_1_25' title="bbox 557 1198 2172 1246; baseline 0.001 -10"><span class='ocrx_word' id='word_1_105' title='bbox 557 1198 787 1246; x_wconf 83' lang='lat' dir='ltr'>Mysidem,</span> <span class='ocrx_word' id='word_1_106' title='bbox 823 1209 909 1237; x_wconf 92' lang='lat' dir='ltr'>non</span> <span class='ocrx_word' id='word_1_107' title='bbox 943 1202 991 1237; x_wconf 89' lang='lat' dir='ltr'>ut</span> <span class='ocrx_word' id='word_1_108' title='bbox 1026 1200 1248 1238; x_wconf 79' lang='lat' dir='ltr'>vincatur:</span> <span class='ocrx_word' id='word_1_109' title='bbox 1283 1200 1366 1239; x_wconf 90' lang='lat' dir='ltr'>hoc</span> <span class='ocrx_word' id='word_1_110' title='bbox 1399 1200 1516 1239; x_wconf 83' lang='lat' dir='ltr'>enim</span> <span class='ocrx_word' id='word_1_111' title='bbox 1550 1201 1714 1239; x_wconf 87' lang='lat' dir='ltr'>vidisse</span> <span class='ocrx_word' id='word_1_112' title='bbox 1743 1211 1789 1239; x_wconf 88' lang='lat' dir='ltr'>se</span> <span class='ocrx_word' id='word_1_113' title='bbox 1821 1199 2172 1239; x_wconf 84' lang='lat' dir='ltr'>subfarcina-</span> 
     </span>
    </p>
   </div>
   <div class='ocr_carea' id='block_1_17' title="bbox 556 1273 1829 1325">
    <p class='ocr_par' dir='ltr' id='par_1_18' title="bbox 556 1273 1829 1325">
     <span class='ocr_line' id='line_1_26' title="bbox 556 1273 1829 1325; baseline 0.002 -13"><span class='ocrx_word' id='word_1_114' title='bbox 556 1277 666 1312; x_wconf 89' lang='lat' dir='ltr'>tam</span> <span class='ocrx_word' id='word_1_115' title='bbox 700 1273 1064 1324; x_wconf 89' lang='lat' dir='ltr'>Cantharum,</span> <span class='ocrx_word' id='word_1_116' title='bbox 1101 1285 1188 1314; x_wconf 91' lang='lat' dir='ltr'>non</span> <span class='ocrx_word' id='word_1_117' title='bbox 1224 1286 1455 1324; x_wconf 89' lang='lat' dir='ltr'>puerum</span> <span class='ocrx_word' id='word_1_118' title='bbox 1490 1278 1829 1325; x_wconf 89' lang='lat' dir='ltr'>portantem.</span> 
     </span>
    </p>
   </div>
   <div class='ocr_carea' id='block_1_18' title="bbox 674 1349 2173 1449">
    <p class='ocr_par' dir='ltr' id='par_1_19' title="bbox 674 1349 2173 1449">
     <span class='ocr_line' id='line_1_27' title="bbox 725 1349 2173 1395; baseline 0.001 -12"><span class='ocrx_word' id='word_1_119' title='bbox 725 1349 746 1383; x_wconf 84' lang='lat'>2</span> <span class='ocrx_word' id='word_1_120' title='bbox 763 1358 902 1384; x_wconf 82' lang='lat' dir='ltr'>VERUM</span> <span class='ocrx_word' id='word_1_121' title='bbox 919 1359 1003 1385; x_wconf 81' lang='lat' dir='ltr'>vrm</span> <span class='ocrx_word' id='word_1_122' title='bbox 1019 1360 1051 1385; x_wconf 87' lang='lat' dir='ltr'>c.</span> <span class='ocrx_word' id='word_1_123' title='bbox 1069 1359 1101 1385; x_wconf 91' lang='lat' dir='ltr'>s.</span> <span class='ocrx_word' id='word_1_124' title='bbox 1119 1350 1208 1386; x_wconf 89' lang='lat' dir='ltr'>vide</span> <span class='ocrx_word' id='word_1_125' title='bbox 1223 1350 1429 1386; x_wconf 90' lang='lat' dir='ltr'>infirmum</span> <span class='ocrx_word' id='word_1_126' title='bbox 1446 1352 1751 1394; x_wconf 85' lang='lat' dir='ltr'>argumentum:</span> <span class='ocrx_word' id='word_1_127' title='bbox 1768 1350 1880 1395; x_wconf 89' lang='lat' dir='ltr'>prius</span> <span class='ocrx_word' id='word_1_128' title='bbox 1894 1350 1986 1386; x_wconf 89' lang='lat' dir='ltr'>‘vidi</span> <span class='ocrx_word' id='word_1_129' title='bbox 2001 1359 2173 1395; x_wconf 87' lang='lat' dir='ltr'>puerum</span> 
     </span>
     <span class='ocr_line' id='line_1_28' title="bbox 674 1403 2173 1449; baseline 0.002 -11"><span class='ocrx_word' id='word_1_130' title='bbox 674 1403 830 1438; x_wconf 80' lang='lat' dir='ltr'>adferri’</span> <span class='ocrx_word' id='word_1_131' title='bbox 860 1404 972 1448; x_wconf 83' lang='lat' dir='ltr'>dixit,</span> <span class='ocrx_word' id='word_1_132' title='bbox 1002 1405 1096 1448; x_wconf 86' lang='lat' dir='ltr'>post</span> <span class='ocrx_word' id='word_1_133' title='bbox 1124 1414 1206 1440; x_wconf 89' lang='lat' dir='ltr'>non</span> <span class='ocrx_word' id='word_1_134' title='bbox 1230 1404 1427 1449; x_wconf 87' lang='lat' dir='ltr'>‘puerum’</span> <span class='ocrx_word' id='word_1_135' title='bbox 1451 1406 1521 1441; x_wconf 88' lang='lat' dir='ltr'>sed</span> <span class='ocrx_word' id='word_1_136' title='bbox 1547 1404 1810 1441; x_wconf 84' lang='lat' dir='ltr'>‘Cantharum</span> <span class='ocrx_word' id='word_1_137' title='bbox 1835 1403 2173 1441; x_wconf 85' lang='lat' dir='ltr'>subfarcinatam&#39;.</span> 
     </span>
    </p>
   </div>
   <div class='ocr_carea' id='block_1_19' title="bbox 549 1475 2176 2427">
    <p class='ocr_par' dir='ltr' id='par_1_20' title="bbox 554 1475 2173 1672">
     <span class='ocr_line' id='line_1_29' title="bbox 605 1475 2173 1526; baseline 0.001 -13"><span class='ocrx_word' id='word_1_138' title='bbox 605 1485 976 1514; x_wconf 63' lang='lat' dir='ltr'>SUBEARcux&#39;ATAM</span> <span class='ocrx_word' id='word_1_139' title='bbox 1020 1477 1245 1525; x_wconf 86' lang='lat' dir='ltr'>proprium</span> <span class='ocrx_word' id='word_1_140' title='bbox 1288 1477 1446 1516; x_wconf 82' lang='lat' dir='ltr'>auibus</span> <span class='ocrx_word' id='word_1_141' title='bbox 1488 1476 1812 1516; x_wconf 84' lang='lat' dir='ltr'>subfarcinatas</span> <span class='ocrx_word' id='word_1_142' title='bbox 1844 1486 1962 1526; x_wconf 89' lang='lat' dir='ltr'>esse,</span> <span class='ocrx_word' id='word_1_143' title='bbox 1997 1477 2046 1515; x_wconf 87' lang='lat' dir='ltr'>ut</span> <span class='ocrx_word' id='word_1_144' title='bbox 2077 1475 2173 1514; x_wconf 89' lang='lat' dir='ltr'>Per·</span> 
     </span>
     <span class='ocr_line' id='line_1_30' title="bbox 554 1551 2172 1600; baseline 0.001 -12"><span class='ocrx_word' id='word_1_145' title='bbox 554 1551 646 1589; x_wconf 90' lang='lat' dir='ltr'>sius</span> <span class='ocrx_word' id='word_1_146' title='bbox 690 1551 922 1600; x_wconf 83' lang='lat' dir='ltr'>‘pannucia</span> <span class='ocrx_word' id='word_1_147' title='bbox 966 1553 1140 1592; x_wconf 83' lang='lat' dir='ltr'>Baucis’</span> <span class='ocrx_word' id='word_1_148' title='bbox 1185 1555 1240 1598; x_wconf 84' lang='lat'>(4.</span> <span class='ocrx_word' id='word_1_149' title='bbox 1286 1554 1355 1598; x_wconf 92' lang='grc'>21)</span> <span class='ocrx_word' id='word_1_150' title='bbox 1399 1556 1441 1592; x_wconf 87' lang='lat' dir='ltr'>et</span> <span class='ocrx_word' id='word_1_151' title='bbox 1483 1553 1670 1592; x_wconf 88' lang='lat' dir='ltr'>Plautus</span> <span class='ocrx_word' id='word_1_152' title='bbox 1714 1553 1940 1593; x_wconf 83' lang='lat' dir='ltr'>‘doliarem</span> <span class='ocrx_word' id='word_1_153' title='bbox 1974 1552 2172 1592; x_wconf 85' lang='lat' dir='ltr'>claudam</span> 
     </span>
     <span class='ocr_line' id='line_1_31' title="bbox 556 1628 1125 1672; baseline 0.004 -7"><span class='ocrx_word' id='word_1_154' title='bbox 556 1629 769 1666; x_wconf 86' lang='lat' dir='ltr'>crassam’</span> <span class='ocrx_word' id='word_1_155' title='bbox 802 1628 975 1672; x_wconf 84' lang='lat' dir='ltr'>(Pseud.</span> <span class='ocrx_word' id='word_1_156' title='bbox 1011 1629 1125 1669; x_wconf 84' lang='lat'>659).</span> 
     </span>
    </p>

    <p class='ocr_par' dir='ltr' id='par_1_21' title="bbox 549 1702 2176 2133">
     <span class='ocr_line' id='line_1_32' title="bbox 614 1702 2172 1753; baseline 0.001 -12"><span class='ocrx_word' id='word_1_157' title='bbox 614 1705 631 1741; x_wconf 93' lang='grc'><strong>1</strong></span> <span class='ocrx_word' id='word_1_158' title='bbox 668 1712 782 1748; x_wconf 85' lang='lat' dir='ltr'>QUOD</span> <span class='ocrx_word' id='word_1_159' title='bbox 815 1714 860 1741; x_wconf 77' lang='lat' dir='ltr'>m</span> <span class='ocrx_word' id='word_1_160' title='bbox 893 1714 1117 1743; x_wconf 82' lang='lat' dir='ltr'><strong>PARIUNDO</strong></span> <span class='ocrx_word' id='word_1_161' title='bbox 1149 1715 1192 1743; x_wconf 88' lang='lat' dir='ltr'>A.</span> <span class='ocrx_word' id='word_1_162' title='bbox 1226 1715 1269 1744; x_wconf 83' lang='lat' dir='ltr'>A.</span> <span class='ocrx_word' id='word_1_163' title='bbox 1298 1715 1337 1743; x_wconf 84' lang='lat' dir='ltr'>L.</span> <span class='ocrx_word' id='word_1_164' title='bbox 1368 1705 1577 1744; x_wconf 87' lang='lat' dir='ltr'>indicium</span> <span class='ocrx_word' id='word_1_165' title='bbox 1607 1706 1756 1743; x_wconf 86' lang='lat' dir='ltr'>secuta</span> <span class='ocrx_word' id='word_1_166' title='bbox 1783 1702 2060 1743; x_wconf 90' lang='lat' dir='ltr'>confirmatio</span> <span class='ocrx_word' id='word_1_167' title='bbox 2087 1705 2172 1753; x_wconf 87' lang='lat' dir='ltr'>est,</span> 
     </span>
     <span class='ocr_line' id='line_1_33' title="bbox 551 1779 2175 1830; baseline 0.001 -13"><span class='ocrx_word' id='word_1_168' title='bbox 551 1788 682 1826; x_wconf 85' lang='lat' dir='ltr'>quam</span> <span class='ocrx_word' id='word_1_169' title='bbox 726 1780 949 1827; x_wconf 77' lang='lat' dir='ltr'>expressit</span> <span class='ocrx_word' id='word_1_170' title='bbox 980 1780 1090 1819; x_wconf 85' lang='lat' dir='ltr'>Davi</span> <span class='ocrx_word' id='word_1_171' title='bbox 1119 1781 1351 1829; x_wconf 84' lang='lat' dir='ltr'>refutatio;</span> <span class='ocrx_word' id='word_1_172' title='bbox 1386 1782 1606 1830; x_wconf 80' lang='lat' dir='ltr'>superest,</span> <span class='ocrx_word' id='word_1_173' title='bbox 1641 1782 1689 1819; x_wconf 86' lang='lat' dir='ltr'>ut</span> <span class='ocrx_word' id='word_1_174' title='bbox 1721 1780 1858 1819; x_wconf 85' lang='lat' dir='ltr'>etiam</span> <span class='ocrx_word' id='word_1_175' title='bbox 1891 1779 2175 1819; x_wconf 81' lang='lat' dir='ltr'>concludatur</span> 
     </span>
     <span class='ocr_line' id='line_1_34' title="bbox 553 1854 2176 1905; baseline 0.001 -13"><span class='ocrx_word' id='word_1_176' title='bbox 553 1854 735 1893; x_wconf 85' lang='lat' dir='ltr'>effectus</span> <span class='ocrx_word' id='word_1_177' title='bbox 767 1855 854 1893; x_wconf 92' lang='lat' dir='ltr'>doli</span> <span class='ocrx_word' id='word_1_178' title='bbox 880 1858 1071 1904; x_wconf 87' lang='lat' dir='ltr'>negante</span> <span class='ocrx_word' id='word_1_179' title='bbox 1099 1855 1333 1896; x_wconf 87' lang='lat' dir='ltr'>Chremete</span> <span class='ocrx_word' id='word_1_180' title='bbox 1362 1867 1408 1896; x_wconf 88' lang='lat' dir='ltr'>se</span> <span class='ocrx_word' id='word_1_181' title='bbox 1437 1857 1646 1895; x_wconf 84' lang='lat' dir='ltr'>daturum</span> <span class='ocrx_word' id='word_1_182' title='bbox 1673 1855 1831 1905; x_wconf 89' lang='lat' dir='ltr'>filiam,</span> <span class='ocrx_word' id='word_1_183' title='bbox 1860 1856 1974 1904; x_wconf 84' lang='lat' dir='ltr'>quod</span> <span class='ocrx_word' id='word_1_184' title='bbox 1991 1855 2176 1894; x_wconf 88' lang='lat' dir='ltr'>subinde</span> 
     </span>
     <span class='ocr_line' id='line_1_35' title="bbox 558 1930 2174 1982; baseline 0.002 -13"><span class='ocrx_word' id='word_1_185' title='bbox 558 1930 688 1969; x_wconf 88' lang='lat' dir='ltr'>efficit</span> <span class='ocrx_word' id='word_1_186' title='bbox 727 1931 878 1970; x_wconf 86' lang='lat' dir='ltr'>Davus</span> <span class='ocrx_word' id='word_1_187' title='bbox 921 1932 1032 1971; x_wconf 89' lang='lat' dir='ltr'>dolo.</span> <span class='ocrx_word' id='word_1_188' title='bbox 1074 1934 1098 1971; x_wconf 84' lang='lat'><strong>2</strong></span> <span class='ocrx_word' id='word_1_189' title='bbox 1132 1942 1319 1979; x_wconf 83' lang='lat' dir='ltr'><strong>AL1QUOT</strong></span> <span class='ocrx_word' id='word_1_190' title='bbox 1350 1943 1538 1972; x_wconf 81' lang='lat' dir='ltr'>LIBERAE</span> <span class='ocrx_word' id='word_1_191' title='bbox 1572 1943 1652 1972; x_wconf 88' lang='lat' dir='ltr'>nec</span> <span class='ocrx_word' id='word_1_192' title='bbox 1684 1942 1848 1982; x_wconf 86' lang='lat' dir='ltr'>paucae</span> <span class='ocrx_word' id='word_1_193' title='bbox 1881 1941 1962 1971; x_wconf 86' lang='lat' dir='ltr'>nec</span> <span class='ocrx_word' id='word_1_194' title='bbox 1993 1930 2174 1972; x_wconf 87' lang='lat' dir='ltr'>multae.</span> 
     </span>
     <span class='ocr_line' id='line_1_36' title="bbox 549 2006 2175 2058; baseline -0.001 -13"><span class='ocrx_word' id='word_1_195' title='bbox 549 2008 573 2045; x_wconf 86' lang='lat'><strong>3</strong></span> <span class='ocrx_word' id='word_1_196' title='bbox 608 2018 794 2047; x_wconf 78' lang='lat' dir='ltr'>LIBERAE</span> <span class='ocrx_word' id='word_1_197' title='bbox 826 2009 1087 2048; x_wconf 85' lang='lat' dir='ltr'>testimonia</span> <span class='ocrx_word' id='word_1_198' title='bbox 1113 2009 1249 2049; x_wconf 89' lang='lat' dir='ltr'>libera</span> <span class='ocrx_word' id='word_1_199' title='bbox 1276 2012 1428 2049; x_wconf 81' lang='lat' dir='ltr'>contra</span> <span class='ocrx_word' id='word_1_200' title='bbox 1456 2020 1660 2057; x_wconf 86' lang='lat' dir='ltr'>servum;</span> <span class='ocrx_word' id='word_1_201' title='bbox 1690 2011 1735 2048; x_wconf 89' lang='lat' dir='ltr'>et</span> <span class='ocrx_word' id='word_1_202' title='bbox 1761 2009 1844 2048; x_wconf 88' lang='lat' dir='ltr'>hoc</span> <span class='ocrx_word' id='word_1_203' title='bbox 1859 2007 2084 2058; x_wconf 89' lang='lat' dir='ltr'>proprium</span> <span class='ocrx_word' id='word_1_204' title='bbox 2101 2006 2175 2045; x_wconf 87' lang='lat' dir='ltr'>Te·</span> 
     </span>
     <span class='ocr_line' id='line_1_37' title="bbox 554 2083 1689 2133; baseline 0.002 -12"><span class='ocrx_word' id='word_1_205' title='bbox 554 2083 687 2122; x_wconf 87' lang='lat' dir='ltr'>rentii</span> <span class='ocrx_word' id='word_1_206' title='bbox 719 2086 803 2133; x_wconf 89' lang='lat' dir='ltr'>est,</span> <span class='ocrx_word' id='word_1_207' title='bbox 838 2094 942 2123; x_wconf 89' lang='lat' dir='ltr'>nam</span> <span class='ocrx_word' id='word_1_208' title='bbox 977 2085 1027 2124; x_wconf 86' lang='lat' dir='ltr'>de</span> <span class='ocrx_word' id='word_1_209' title='bbox 1061 2085 1260 2124; x_wconf 90' lang='lat' dir='ltr'>Romano</span> <span class='ocrx_word' id='word_1_210' title='bbox 1293 2095 1416 2125; x_wconf 89' lang='lat' dir='ltr'>more</span> <span class='ocrx_word' id='word_1_211' title='bbox 1448 2085 1529 2124; x_wconf 90' lang='lat' dir='ltr'>hoc</span> <span class='ocrx_word' id='word_1_212' title='bbox 1562 2085 1689 2124; x_wconf 84' lang='lat' dir='ltr'>dixit.</span> 
     </span>
    </p>

    <p class='ocr_par' dir='ltr' id='par_1_22' title="bbox 558 2158 2175 2276">
     <span class='ocr_line' id='line_1_38' title="bbox 606 2158 2175 2200; baseline -0.001 -3"><span class='ocrx_word' id='word_1_213' title='bbox 606 2169 662 2197; x_wconf 81' lang='lat' dir='ltr'>NE</span> <span class='ocrx_word' id='word_1_214' title='bbox 704 2171 807 2198; x_wconf 83' lang='lat' dir='ltr'>ILLA</span> <span class='ocrx_word' id='word_1_215' title='bbox 844 2171 981 2199; x_wconf 83' lang='lat' dir='ltr'><strong>ILLUM</strong></span> <span class='ocrx_word' id='word_1_216' title='bbox 1026 2159 1107 2200; x_wconf 89' lang='lat' dir='ltr'>‘ne’</span> <span class='ocrx_word' id='word_1_217' title='bbox 1142 2161 1282 2200; x_wconf 85' lang='lat' dir='ltr'>valde.</span> <span class='ocrx_word' id='word_1_218' title='bbox 1317 2160 1466 2200; x_wconf 87' lang='lat' dir='ltr'>Cicero</span> <span class='ocrx_word' id='word_1_219' title='bbox 1502 2159 1568 2199; x_wconf 91' lang='lat' dir='ltr'>‘ne</span> <span class='ocrx_word' id='word_1_220' title='bbox 1602 2160 1666 2199; x_wconf 91' lang='lat' dir='ltr'>illi</span> <span class='ocrx_word' id='word_1_221' title='bbox 1697 2159 1981 2199; x_wconf 88' lang='lat' dir='ltr'>vehementer</span> <span class='ocrx_word' id='word_1_222' title='bbox 2012 2158 2175 2197; x_wconf 88' lang='lat' dir='ltr'>errant’</span> 
     </span>
     <span class='ocr_line' id='line_1_39' title="bbox 558 2233 828 2276; baseline -0.004 -1"><span class='ocrx_word' id='word_1_223' title='bbox 558 2233 664 2275; x_wconf 88' lang='lat' dir='ltr'>(Cat.</span> <span class='ocrx_word' id='word_1_224' title='bbox 700 2235 739 2274; x_wconf 90' lang='grc'>2.</span> <span class='ocrx_word' id='word_1_225' title='bbox 775 2237 828 2276; x_wconf 89' lang='grc'>6).</span> 
     </span>
    </p>

    <p class='ocr_par' dir='ltr' id='par_1_23' title="bbox 554 2309 2175 2427">
     <span class='ocr_line' id='line_1_40' title="bbox 609 2309 2175 2361; baseline 0 -13"><span class='ocrx_word' id='word_1_226' title='bbox 609 2312 627 2348; x_wconf 98' lang='grc'><strong>1</strong></span> <span class='ocrx_word' id='word_1_227' title='bbox 658 2321 857 2350; x_wconf 76' lang='lat' dir='ltr'>CHREMES</span> <span class='ocrx_word' id='word_1_228' title='bbox 884 2321 924 2350; x_wconf 77' lang='lat' dir='ltr'>st</span> <span class='ocrx_word' id='word_1_229' title='bbox 952 2321 1140 2350; x_wconf 75' lang='lat' dir='ltr'>Posrrmu</span> <span class='ocrx_word' id='word_1_230' title='bbox 1167 2322 1347 2351; x_wconf 79' lang='lat' dir='ltr'>PUERUM</span> <span class='ocrx_word' id='word_1_231' title='bbox 1374 2310 1415 2350; x_wconf 82' lang='grc' dir='ltr'>ἐν</span> <span class='ocrx_word' id='word_1_232' title='bbox 1441 2310 1668 2361; x_wconf 72' lang='grc' dir='ltr'><strong><em>ὑποκρίσει;</em></strong></span> <span class='ocrx_word' id='word_1_233' title='bbox 1688 2313 1731 2350; x_wconf 88' lang='lat' dir='ltr'>et</span> <span class='ocrx_word' id='word_1_234' title='bbox 1748 2312 1815 2349; x_wconf 90' lang='lat' dir='ltr'>est</span> <span class='ocrx_word' id='word_1_235' title='bbox 1831 2309 1996 2360; x_wconf 81' lang='grc' dir='ltr'><em>μίμησις</em></span> <span class='ocrx_word' id='word_1_236' title='bbox 2013 2310 2175 2348; x_wconf 87' lang='lat' dir='ltr'>transit</span> 
     </span>
     <span class='ocr_line' id='line_1_41' title="bbox 554 2386 1660 2427; baseline 0.001 -3"><span class='ocrx_word' id='word_1_237' title='bbox 554 2386 671 2425; x_wconf 89' lang='lat' dir='ltr'>enim</span> <span class='ocrx_word' id='word_1_238' title='bbox 718 2396 743 2425; x_wconf 90' lang='lat' dir='ltr'>a</span> <span class='ocrx_word' id='word_1_239' title='bbox 775 2387 916 2426; x_wconf 85' lang='lat' dir='ltr'>mixto</span> <span class='ocrx_word' id='word_1_240' title='bbox 950 2387 1002 2426; x_wconf 91' lang='lat' dir='ltr'>ad</span> <span class='ocrx_word' id='word_1_241' title='bbox 1036 2389 1311 2427; x_wconf 86' lang='lat' dir='ltr'>imitativum</span> <span class='ocrx_word' id='word_1_242' title='bbox 1345 2389 1660 2427; x_wconf 86' lang='lat' dir='ltr'>characterem.</span> 
     </span>
    </p>
   </div>
   <div class='ocr_carea' id='block_1_20' title="bbox 607 2463 1537 2505">
    <p class='ocr_par' dir='ltr' id='par_1_24' title="bbox 607 2463 1537 2505">
     <span class='ocr_line' id='line_1_42' title="bbox 607 2463 1537 2505; baseline 0.005 -5"><span class='ocrx_word' id='word_1_243' title='bbox 607 2463 632 2501; x_wconf 87' lang='grc'>2</span> <span class='ocrx_word' id='word_1_244' title='bbox 666 2473 721 2501; x_wconf 79' lang='grc' dir='ltr'>ΝΕ</span> <span class='ocrx_word' id='word_1_245' title='bbox 754 2474 857 2501; x_wconf 78' lang='lat' dir='ltr'>ILLA</span> <span class='ocrx_word' id='word_1_246' title='bbox 890 2474 1031 2502; x_wconf 80' lang='lat' dir='ltr'>ILLUM</span> <span class='ocrx_word' id='word_1_247' title='bbox 1065 2463 1302 2504; x_wconf 88' lang='lat' dir='ltr'>Chremem</span> <span class='ocrx_word' id='word_1_248' title='bbox 1336 2464 1537 2505; x_wconf 85' lang='lat' dir='ltr'>scillicet.</span> 
     </span>
    </p>
   </div>
   <div class='ocr_carea' id='block_1_21' title="bbox 677 2535 2176 2636">
    <p class='ocr_par' dir='ltr' id='par_1_25' title="bbox 677 2535 2176 2636">
     <span class='ocr_line' id='line_1_43' title="bbox 727 2535 2176 2584; baseline 0 -12"><span class='ocrx_word' id='word_1_249' title='bbox 727 2538 749 2572; x_wconf 87' lang='grc'>2</span> <span class='ocrx_word' id='word_1_250' title='bbox 770 2548 954 2573; x_wconf 75' lang='lat' dir='ltr'>CHREMES</span> <span class='ocrx_word' id='word_1_251' title='bbox 985 2548 1021 2573; x_wconf 86' lang='lat' dir='ltr'>SI</span> <span class='ocrx_word' id='word_1_252' title='bbox 1049 2548 1083 2574; x_wconf 84' lang='lat' dir='ltr'>P.</span> <span class='ocrx_word' id='word_1_253' title='bbox 1115 2549 1150 2574; x_wconf 78' lang='grc' dir='ltr'>Ρ.</span> <span class='ocrx_word' id='word_1_254' title='bbox 1182 2540 1340 2584; x_wconf 83' lang='grc' dir='ltr'><strong>μίμησις,</strong></span> <span class='ocrx_word' id='word_1_255' title='bbox 1372 2539 1531 2583; x_wconf 89' lang='lat' dir='ltr'>quando</span> <span class='ocrx_word' id='word_1_256' title='bbox 1562 2537 1692 2574; x_wconf 86' lang='lat' dir='ltr'>aliena</span> <span class='ocrx_word' id='word_1_257' title='bbox 1720 2537 1843 2573; x_wconf 88' lang='lat' dir='ltr'>verba</span> <span class='ocrx_word' id='word_1_258' title='bbox 1873 2536 1929 2572; x_wconf 89' lang='lat' dir='ltr'>sic</span> <span class='ocrx_word' id='word_1_259' title='bbox 1943 2535 2176 2581; x_wconf 86' lang='lat' dir='ltr'>pronuntia-</span> 
     </span>
     <span class='ocr_line' id='line_1_44' title="bbox 677 2593 1253 2636; baseline 0.007 -10"><span class='ocrx_word' id='word_1_260' title='bbox 677 2601 787 2636; x_wconf 87' lang='lat' dir='ltr'>mus,</span> <span class='ocrx_word' id='word_1_261' title='bbox 817 2593 862 2627; x_wconf 82' lang='lat' dir='ltr'>ut</span> <span class='ocrx_word' id='word_1_262' title='bbox 891 2602 991 2628; x_wconf 86' lang='lat' dir='ltr'>vana</span> <span class='ocrx_word' id='word_1_263' title='bbox 1024 2593 1253 2631; x_wconf 88' lang='lat' dir='ltr'>videantur.</span> 
     </span>
    </p>
   </div>
   <div class='ocr_carea' id='block_1_22' title="bbox 552 2661 2174 2940">
    <p class='ocr_par' dir='ltr' id='par_1_26' title="bbox 552 2661 2174 2864">
     <span class='ocr_line' id='line_1_45' title="bbox 613 2661 2173 2713; baseline -0.001 -13"><span class='ocrx_word' id='word_1_264' title='bbox 613 2665 629 2701; x_wconf 93' lang='lat'>1</span> <span class='ocrx_word' id='word_1_265' title='bbox 670 2672 757 2701; x_wconf 80' lang='lat' dir='ltr'>NON</span> <span class='ocrx_word' id='word_1_266' title='bbox 790 2673 959 2702; x_wconf 77' lang='lat' dir='ltr'>HERCLE</span> <span class='ocrx_word' id='word_1_267' title='bbox 991 2675 1030 2703; x_wconf 78' lang='lat' dir='ltr'>F.</span> <span class='ocrx_word' id='word_1_268' title='bbox 1065 2665 1173 2704; x_wconf 90' lang='lat' dir='ltr'>bene</span> <span class='ocrx_word' id='word_1_269' title='bbox 1207 2666 1302 2713; x_wconf 89' lang='lat' dir='ltr'>ipse</span> <span class='ocrx_word' id='word_1_270' title='bbox 1331 2665 1382 2704; x_wconf 89' lang='lat' dir='ltr'>de</span> <span class='ocrx_word' id='word_1_271' title='bbox 1414 2674 1462 2703; x_wconf 86' lang='lat' dir='ltr'>se</span> <span class='ocrx_word' id='word_1_272' title='bbox 1494 2663 1673 2704; x_wconf 89' lang='lat' dir='ltr'>tertiam</span> <span class='ocrx_word' id='word_1_273' title='bbox 1705 2671 1940 2711; x_wconf 86' lang='lat' dir='ltr'>personam</span> <span class='ocrx_word' id='word_1_274' title='bbox 1971 2661 2092 2710; x_wconf 87' lang='lat' dir='ltr'>fecit,</span> <span class='ocrx_word' id='word_1_275' title='bbox 2125 2662 2173 2699; x_wconf 90' lang='lat' dir='ltr'>ut</span> 
     </span>
     <span class='ocr_line' id='line_1_46' title="bbox 552 2736 2174 2788; baseline -0.002 -10"><span class='ocrx_word' id='word_1_276' title='bbox 552 2749 688 2788; x_wconf 83' lang='lat' dir='ltr'>supra</span> <span class='ocrx_word' id='word_1_277' title='bbox 728 2738 787 2778; x_wconf 88' lang='lat' dir='ltr'>‘at</span> <span class='ocrx_word' id='word_1_278' title='bbox 820 2749 936 2778; x_wconf 87' lang='lat' dir='ltr'>nunc</span> <span class='ocrx_word' id='word_1_279' title='bbox 969 2740 1115 2780; x_wconf 84' lang='lat' dir='ltr'>faciet’</span> <span class='ocrx_word' id='word_1_280' title='bbox 1149 2745 1206 2787; x_wconf 87' lang='lat' dir='ltr'>(v.</span> <span class='ocrx_word' id='word_1_281' title='bbox 1245 2742 1356 2782; x_wconf 80' lang='lat'>179).</span> <span class='ocrx_word' id='word_1_282' title='bbox 1392 2741 1416 2779; x_wconf 89' lang='grc'>2</span> <span class='ocrx_word' id='word_1_283' title='bbox 1449 2751 1505 2779; x_wconf 76' lang='lat' dir='ltr'>U‘r</span> <span class='ocrx_word' id='word_1_284' title='bbox 1538 2750 1593 2778; x_wconf 76' lang='lat' dir='ltr'>&#39;ru</span> <span class='ocrx_word' id='word_1_285' title='bbox 1626 2748 1774 2777; x_wconf 70' lang='lat' dir='ltr'>scra-Ns</span> <span class='ocrx_word' id='word_1_286' title='bbox 1806 2737 2078 2786; x_wconf 89' lang='lat' dir='ltr'>eloquenter:</span> <span class='ocrx_word' id='word_1_287' title='bbox 2111 2736 2174 2776; x_wconf 85' lang='lat' dir='ltr'>sic</span> 
     </span>
     <span class='ocr_line' id='line_1_47' title="bbox 556 2815 1190 2864; baseline 0.003 -10"><span class='ocrx_word' id='word_1_288' title='bbox 556 2815 672 2854; x_wconf 90' lang='lat' dir='ltr'>enim</span> <span class='ocrx_word' id='word_1_289' title='bbox 706 2817 880 2854; x_wconf 89' lang='lat' dir='ltr'>veteres</span> <span class='ocrx_word' id='word_1_290' title='bbox 911 2826 989 2864; x_wconf 92' lang='lat' dir='ltr'>pro</span> <span class='ocrx_word' id='word_1_291' title='bbox 1022 2817 1190 2856; x_wconf 83' lang='lat' dir='ltr'>scias.</span> 
     </span>
    </p>

    <p class='ocr_par' dir='ltr' id='par_1_27' title="bbox 612 2889 2174 2940">
     <span class='ocr_line' id='line_1_48' title="bbox 612 2889 2174 2940; baseline -0.001 -11"><span class='ocrx_word' id='word_1_292' title='bbox 612 2892 632 2929; x_wconf 90' lang='lat'>1</span> <span class='ocrx_word' id='word_1_293' title='bbox 667 2900 749 2928; x_wconf 77' lang='lat' dir='ltr'>IAM</span> <span class='ocrx_word' id='word_1_294' title='bbox 782 2900 863 2929; x_wconf 76' lang='lat' dir='ltr'>Eeo</span> <span class='ocrx_word' id='word_1_295' title='bbox 896 2902 1017 2931; x_wconf 71' lang='lat' dir='ltr'>Hunc</span> <span class='ocrx_word' id='word_1_296' title='bbox 1050 2903 1079 2932; x_wconf 86' lang='lat'>1.</span> <span class='ocrx_word' id='word_1_297' title='bbox 1110 2903 1156 2932; x_wconf 85' lang='lat' dir='ltr'>M.</span> <span class='ocrx_word' id='word_1_298' title='bbox 1190 2904 1229 2932; x_wconf 91' lang='lat' dir='ltr'>v.</span> <span class='ocrx_word' id='word_1_299' title='bbox 1258 2904 1297 2932; x_wconf 83' lang='lat' dir='ltr'>P.</span> <span class='ocrx_word' id='word_1_300' title='bbox 1325 2894 1433 2932; x_wconf 91' lang='lat' dir='ltr'>bene</span> <span class='ocrx_word' id='word_1_301' title='bbox 1463 2892 1519 2931; x_wconf 89' lang='lat' dir='ltr'>‘in</span> <span class='ocrx_word' id='word_1_302' title='bbox 1546 2891 1739 2931; x_wconf 84' lang='lat' dir='ltr'>mediam</span> <span class='ocrx_word' id='word_1_303' title='bbox 1764 2890 1913 2940; x_wconf 90' lang='lat' dir='ltr'>viam’,</span> <span class='ocrx_word' id='word_1_304' title='bbox 1941 2889 2045 2938; x_wconf 88' lang='lat' dir='ltr'>quia</span> <span class='ocrx_word' id='word_1_305' title='bbox 2070 2890 2174 2929; x_wconf 91' lang='lat' dir='ltr'>ante</span> 
     </span>
    </p>
   </div>
   <div class='ocr_carea' id='block_1_23' title="bbox 407 3032 2173 3137">
    <p class='ocr_par' dir='ltr' id='par_1_28' title="bbox 407 3032 2173 3137">
     <span class='ocr_line' id='line_1_49' title="bbox 452 3032 2173 3080; baseline -0.002 -9"><span class='ocrx_word' id='word_1_306' title='bbox 452 3036 477 3080; x_wconf 70' lang='grc'>1)</span> <span class='ocrx_word' id='word_1_307' title='bbox 510 3036 701 3072; x_wconf 85' lang='lat' dir='ltr'>Scholium</span> <span class='ocrx_word' id='word_1_308' title='bbox 728 3037 945 3077; x_wconf 63' lang='lat' dir='ltr'>obscurum</span> <span class='ocrx_word' id='word_1_309' title='bbox 971 3048 1043 3071; x_wconf 85' lang='lat' dir='ltr'>vox</span> <span class='ocrx_word' id='word_1_310' title='bbox 1067 3037 1251 3080; x_wconf 88' lang='lat' dir='ltr'>‘puerum’</span> <span class='ocrx_word' id='word_1_311' title='bbox 1275 3037 1412 3071; x_wconf 81' lang='lat' dir='ltr'>lectum</span> <span class='ocrx_word' id='word_1_312' title='bbox 1439 3037 1497 3071; x_wconf 83' lang='lat' dir='ltr'>est</span> <span class='ocrx_word' id='word_1_313' title='bbox 1521 3033 1634 3080; x_wconf 82' lang='lat' dir='ltr'>paulo</span> <span class='ocrx_word' id='word_1_314' title='bbox 1658 3035 1747 3069; x_wconf 79' lang='lat' dir='ltr'>ante</span> <span class='ocrx_word' id='word_1_315' title='bbox 1770 3033 1808 3068; x_wconf 90' lang='lat' dir='ltr'>in</span> <span class='ocrx_word' id='word_1_316' title='bbox 1835 3046 1867 3067; x_wconf 91' lang='lat' dir='ltr'>v.</span> <span class='ocrx_word' id='word_1_317' title='bbox 1885 3032 1969 3073; x_wconf 79' lang='lat'><strong>764;</strong></span> <span class='ocrx_word' id='word_1_318' title='bbox 1994 3033 2032 3068; x_wconf 86' lang='lat' dir='ltr'>in</span> <span class='ocrx_word' id='word_1_319' title='bbox 2059 3045 2091 3067; x_wconf 90' lang='lat' dir='ltr'>v.</span> <span class='ocrx_word' id='word_1_320' title='bbox 2105 3032 2173 3067; x_wconf 87' lang='lat'>768</span> 
     </span>
     <span class='ocr_line' id='line_1_50' title="bbox 407 3085 2105 3137; baseline -0.003 -12"><span class='ocrx_word' id='word_1_321' title='bbox 407 3101 473 3137; x_wconf 90' lang='lat' dir='ltr'>pro</span> <span class='ocrx_word' id='word_1_322' title='bbox 498 3102 612 3134; x_wconf 86' lang='lat' dir='ltr'>puero</span> <span class='ocrx_word' id='word_1_323' title='bbox 637 3090 773 3135; x_wconf 82' lang='lat' dir='ltr'>legitur</span> <span class='ocrx_word' id='word_1_324' title='bbox 793 3089 990 3134; x_wconf 86' lang='lat' dir='ltr'>‘quemne&#39;.</span> <span class='ocrx_word' id='word_1_325' title='bbox 1016 3089 1163 3124; x_wconf 80' lang='lat' dir='ltr'>Eratne</span> <span class='ocrx_word' id='word_1_326' title='bbox 1189 3089 1250 3125; x_wconf 89' lang='lat' dir='ltr'>hic</span> <span class='ocrx_word' id='word_1_327' title='bbox 1275 3089 1379 3125; x_wconf 81' lang='lat' dir='ltr'>varia</span> <span class='ocrx_word' id='word_1_328' title='bbox 1404 3089 1516 3125; x_wconf 77' lang='lat' dir='ltr'>lectio</span> <span class='ocrx_word' id='word_1_329' title='bbox 1539 3086 1742 3131; x_wconf 84' lang='lat' dir='ltr'>‘puerum’‘?</span> <span class='ocrx_word' id='word_1_330' title='bbox 1763 3086 1945 3121; x_wconf 77' lang='lat' dir='ltr'>Hartman</span> <span class='ocrx_word' id='word_1_331' title='bbox 1969 3099 2004 3130; x_wconf 87' lang='lat' dir='ltr'>p.</span> <span class='ocrx_word' id='word_1_332' title='bbox 2030 3085 2105 3121; x_wconf 82' lang='lat'><strong>149.</strong></span> 
     </span>
    </p>
   </div>
  </div>
 </body>
</html>
