2242 3443
303 216 491 243 ADEI,PH1
1155 204 1241 241 316

302 327 377 362 935
460 329 481 363 2
513 329 592 362 ‘ini'
628 329 724 363 Eun.
756 328 817 363 95.
852 328 883 371 1,
914 327 1003 363 536.
1034 327 1056 362 3
1087 327 1133 361 cf.
1164 325 1252 362 269.
1286 327 1318 370 1,
1349 325 1437 362 336.
1468 327 1504 362 2.
1536 329 1611 363 An.
1643 327 1730 364 685.
1760 327 1796 373 2,
1825 328 1914 364 890.
1947 329 1980 364 1.

301 389 374 424 937
459 389 480 425 3
521 390 665 433 repetit
703 397 845 433 partun
891 389 984 423 Don.
1024 388 1060 433 2,
1099 387 1201 422 alius
1242 388 1437 431 magister
1467 389 1575 423 dedit
1602 388 1638 434 4,
1669 388 1735 424 ubi
1763 389 2002 434 Spengelius
2030 390 2067 425 in

407 452 697 486 commentario
737 452 874 495 probat
914 449 1126 485 lectionem
1166 449 1394 484 ‘auferrem'
1436 450 1538 490 (vide
1578 449 1740 486 Wessn.
1771 450 1810 486 in
1841 460 1926 488 var.
1954 450 2070 498 lect.)‚

406 512 662 556 distinguens
692 512 815 548 ‘aufer
846 512 964 555 1·em';
996 514 1065 547 sed
1091 511 1212 547 etiam
1239 512 1273 546 si
1298 513 1536 555 putaremus
1564 512 1675 548 ‘rem'
1700 513 1926 557 significare
1951 523 2071 558 posse

408 574 642 618 orationem,
683 583 832 618 preces,
872 576 1007 608 tamen
1047 572 1145 609 haec
1181 573 1464 617 interpretatio
1504 583 1582 609 non
1624 574 1860 610 conveniret
1897 584 1988 610 cum
2025 584 2072 611 ea

401 645 502 679 quae
532 636 746 680 praeeedit,
778 644 871 670 nam
901 635 979 670 abi
998 634 1176 671 :aufer
1205 636 1257 679 te,
1288 644 1368 670 non
1387 635 1568 671 :aufer
1598 645 1695 672 rern.

297 697 374 733 938
456 697 478 733 2
511 698 613 734 rhet.
724 698 746 732 4
779 699 852 732 An.
885 697 975 733 882.
1005 697 1041 732 2.
1153 696 1231 733 939
1260 696 1305 732 cf.
1337 696 1359 733 3
1390 697 1488 732 Eun.
1520 697 1606 734 231.
1637 698 1672 734 3.

298 759 375 793 943
459 760 558 803 ‘age'
589 760 633 796 cf.
665 760 756 796 215.
786 760 821 795 3.

298 820 372 856 947
457 821 569 857 iunxi
601 823 618 857 1
652 825 690 857 et
720 822 756 865 2,
787 822 913 856 altera
941 820 1222 865 interpretatio
1249 821 1444 864 praestat.
1529 820 1551 857 3
1583 820 1862 865 rhet.,merita
1877 820 2072 864 Hegionis

407 883 469 918 hic
499 883 608 918 nulla
637 884 1029 927 commemorantur;
1061 882 1369 918 commendatur
1399 883 1447 918 ob
1477 884 1773 928 paupertatem,
1804 883 1849 918 cf.
1879 882 1968 920 948.
1985 882 2021 918 2.

300 944 378 980 949
463 946 479 980 1
513 955 537 979 (ι.
566 945 723 980 notavit
753 945 915 980 Wessn.
1027 944 1104 981 950
1134 944 1319 979 ‘frumen'
1350 944 1452 980 Eun.
1482 945 1572 981 816.
1606 945 1641 981 3.

300 1006 373 1042 951
458 1006 480 1042 3
526 1006 771 1042 rhetoricum
814 1016 865 1042 ex
910 1015 957 1041 eo
1000 1015 1148 1049 genere
1189 1006 1294 1049 quod
1333 1005 1483 1049 legitur
1522 1006 1570 1042 ad
1610 1008 1687 1041 An.
1725 1005 1814 1042 354.
1853 1005 1891 1052 3,
1921 1006 2010 1043 395.
2039 1006 2075 1052 6,

408 1068 498 1106 396.
527 1068 562 1111 2,
592 1068 680 1105 398.
711 1069 746 1104 2.
781 1069 878 1103 Eun.
912 1068 996 1104 163.
1032 1069 1048 1103 1
1082 1070 1122 1103 et
1151 1067 1187 1103 3.
1272 1067 1294 1103 6
1324 1066 1520 1112 ineptum,
1551 1067 1597 1103 cf.
1627 1068 1649 1104 3
1681 1068 1790 1111 ‘quid
1821 1067 1936 1104 mea'.

301 1129 376 1165 952
462 1131 479 1165 1
513 1130 706 1165 ‘verbum’
737 1131 784 1165 ad
815 1131 890 1164 An.
922 1130 984 1165 45.
1020 1129 1119 1164 Eun.
1155 1129 1227 1164 175
1257 1132 1332 1164 etc.
1418 1130 1435 1164 1
1470 1139 1494 1164 a
1523 1129 1683 1165 notavit
1713 1128 1878 1165 Wessn.

302 1191 378 1226 954
459 1192 481 1227 2
514 1191 673 1227 falsum.
785 1192 862 1227 959
891 1192 914 1227 2
946 1191 1044 1226 Eun.
1078 1190 1152 1227 608
1185 1193 1223 1227 et
1253 1190 1343 1227 816.
1374 1191 1409 1226 2.

301 1253 375 1288 961
461 1254 483 1288 2
514 1253 630 1289 iuxta
660 1255 757 1289 Don.
790 1254 823 1288 1.

300 1314 374 1350 967
457 1314 480 1350 3
521 1325 546 1349 a
576 1315 900 1350 additamentum
932 1323 1151 1350 onerosum
1181 1315 1274 1358 post
1305 1323 1352 1349 ea
1380 1322 1482 1357 quae
1510 1313 1693 1350 Donatus
1723 1315 1824 1351 dixit
1852 1315 1892 1350 in
1921 1314 1945 1350 2
1974 1315 2015 1351 et
2042 1314 2078 1360 3,

413 1385 484 1412 nec
513 1386 608 1412 vera
635 1379 699 1412 est
727 1376 952 1413 differentia
980 1375 1207 1412 ‘adiutoris'
1236 1376 1277 1411 et
1308 1374 1594 1411 ‘consultoris’.

305 1437 382 1473 973
466 1439 483 1473 1
516 1439 561 1474 cs.
590 1438 725 1474 Kauer
754 1440 802 1474 ad
833 1438 871 1474 h.
901 1438 925 1473 l.
960 1438 1040 1475 An.
1070 1438 1160 1474 939.
1189 1438 1225 1473 2.
1257 1437 1358 1473 Eun.
1391 1437 1505 1474 1051.
1590 1438 1666 1474 973
1697 1438 1715 1474 1
1748 1439 1825 1474 An.
1859 1437 1949 1474 226.
1976 1438 2014 1474 4.

306 1500 382 1536 975
464 1500 487 1536 2
525 1501 846 1536 additamentum
872 1509 943 1545 per
970 1509 1028 1535 an
1061 1499 1178 1543 quia
1207 1499 1324 1534 iuxta
1353 1499 1453 1534 Don.
1486 1499 1520 1544 1,
1550 1499 1617 1543 qui
1646 1499 1860 1535 affirmavit
1888 1499 2075 1535 meritum

413 1571 505 1597 esse
535 1562 784 1599 ‘ridiculum’.
897 1562 974 1598 978
1003 1561 1050 1597 cf.
1080 1561 1169 1598 299.
1199 1561 1236 1596 4.

305 1623 378 1658 981
464 1624 487 1659 2
516 1624 697 1660 eiusdem
729 1626 848 1660 notae
878 1626 1000 1667 atque
1028 1624 1116 1660 975.
1147 1624 1193 1668 2;
1223 1624 1272 1659 ad
1303 1624 1356 1659 ‘et
1383 1623 1458 1659 hoc
1488 1623 1645 1659 melius'
1675 1623 1722 1659 cf.
1753 1622 1842 1660 307.
1871 1622 1908 1659 2.

306 1684 381 1719 983
467 1686 483 1720 1
517 1685 633 1721 iuxta
662 1687 685 1722 2
715 1688 754 1722 et
783 1686 805 1722 3
837 1686 996 1721 Donato
1027 1685 1109 1721 dari
1138 1695 1219 1721 non
1250 1694 1373 1730 posse
1400 1685 1572 1720 videtur.

306 1748 382 1783 986
466 1748 661 1784 scholium
700 1749 721 1784 3
761 1748 860 1784 mihi
888 1748 1032 1784 leviter
1061 1749 1297 1792 suspectum
1328 1749 1391 1783 est
1422 1756 1513 1782 cum
1544 1749 1711 1792 propter
1739 1746 1887 1782 Donati
1913 1746 2078 1782 adnota-

413 1809 563 1845 tionem
603 1811 651 1846 ad
689 1811 778 1855 992,
809 1812 896 1846 tum
938 1811 1101 1854 propter
1142 1809 1295 1845 dicendi
1334 1809 1534 1845 rationem
1572 1819 1717 1853 vagam
1747 1811 1787 1845 et
1814 1808 2010 1845 incertam
2038 1807 2077 1843 in

413 1872 542 1907 verbis
587 1874 801 1917 ‘personae
839 1872 1008 1907 huius’
1049 1871 1201 1915 (quidni
1231 1871 1462 1914 Demeae?)‚
1493 1872 1715 1916 ‘perpetuo’
1745 1870 1886 1913 (semel
1915 1871 2077 1906 tantum

413 1933 585 1969 Demeae
622 1943 757 1969 mores
788 1943 885 1969 suos
916 1935 1152 1977 mutasset),
1181 1933 1352 1977 denique
1386 1934 1551 1978 propter
1582 1933 1692 1968 senis
1720 1930 1950 1980 dignissimi
1977 1939 2077 1968 com·

412 1995 664 2039 parationem
693 2005 783 2031 cum
813 1996 949 2032 subita
977 1996 1165 2040 mancipii
1195 1995 1424 2033 mutatione
1452 1995 1491 2031 in
1522 1994 1654 2031 Plauti
1683 1993 1940 2030 Truculento.

307 2058 385 2092 990
470 2057 487 2092 1
520 2058 622 2093 And.
653 2058 740 2093 214.
825 2058 848 2094 2
879 2058 995 2094 iuxta
1027 2058 1061 2103 1,
1092 2057 1138 2094 cf.
1169 2058 1270 2093 Eun.
1303 2058 1402 2095 1058
1437 2058 1454 2093 1
1491 2071 1524 2093 «ι.

308 2119 381 2155 991
470 2120 487 2154 1
522 2119 610 2155 vide
638 2121 686 2155 ad
715 2121 804 2158 927.
835 2121 869 2156 2.

308 2179 383 2217 994
464 2181 489 2216 2
531 2181 736 2220 conclusio
778 2183 909 2218 otiosa
946 2183 986 2218 et
1025 2181 1210 2218 Donatus
1249 2182 1289 2217 in
1328 2180 1583 2226 praecedenti
1612 2179 1762 2216 scholio
1790 2179 1929 2224 aperte
1958 2176 2078 2224 priori

413 2244 752 2290 interpretationi,
781 2245 870 2280 aliis
900 2244 1022 2280 etiam
1052 2243 1186 2280 verbis
1217 2253 1451 2290 expressae,
1481 2242 1679 2279 calculum
1709 2241 1828 2278 dedit.
