2242 3443
341 758 390 793 96

338 909 385 945 97

339 1138 389 1173 98

340 1623 391 1658 99

342 1773 418 1809 190

343 2003 411 2039 101

344 2155 418 2191 102

347 2485 420 2520 103

345 2789 422 2825 104

1193 165 1271 202 122

491 287 551 324 mi
584 287 814 336 Phoedria,
850 288 1013 328 multae
1046 292 1151 328 sunt
1184 291 1371 340 causae',
1404 289 1479 329 ‘mi
1512 290 1742 338 Phaedria,
1778 292 1821 330 et
1853 292 1914 330 tu'
1942 291 1998 330 (v.
2029 290 2106 340 86,

493 362 564 410 95,
616 365 715 412 144,
764 365 874 405 190).
919 366 943 403 3
978 375 1033 403 NE
1065 376 1223 405 cnucrA
1257 377 1308 404 TE
1341 376 1529 405 ossssscrzo
1562 377 1703 405 ANIME
1736 377 1778 405 M.
1811 377 1855 406 M.
1891 377 1967 405 TH.
2002 366 2110 406 haec

488 449 663 478 rursum
708 440 792 478 nisi
826 441 1099 489 amplectens
1130 442 1458 482 adulescentem
1492 442 1650 482 mulier
1683 443 1860 492 dixerit,
1895 442 2113 482 videbitur

491 515 558 553 ‘ne
599 516 744 554 crucia
786 513 842 555 te’
884 517 978 556 sine
1023 517 1180 558 affectu
1224 519 1388 567 dicere;
1424 519 1498 558 sed
1533 519 1595 558 sic
1628 519 1740 558 dixit
1775 519 1843 558 ‘ne
1876 518 2024 558 crucia
2053 516 2112 556 te’

488 593 531 630 et
566 602 615 630 eo
649 594 796 641 gestu,
832 594 959 641 quasi
991 594 1034 631 in
1069 604 1119 633 eo
1152 597 1196 633 et
1228 595 1322 643 ipsa
1355 595 1585 634 crucietur.
1619 596 1672 636 (α)

659 677 684 702 a
712 676 810 702 nam
840 667 928 703 ideo
958 667 1120 704 subicit’
1153 668 1299 706 ‘anime
1328 668 1410 714 mi',
1441 669 1515 704 hoc
1545 671 1610 705 est
1640 669 1847 704 animus
1876 677 2031 704 meus.

520 764 606 792 NON
641 765 718 793 POL
752 765 834 800 Quo
869 767 1111 802 QUEMQUAM
1146 768 1252 795 PLUs
1286 768 1412 795 AMEM
1445 758 1526 796 hoc
1552 758 1695 796 totum
1724 756 1858 795 nimis
1884 755 2041 795 blande
2068 755 2113 794 et

489 839 587 869 cum
623 832 973 871 contractatione
1007 833 1304 872 adulescentis
1333 833 1438 872 dicit
1470 833 1696 872 meretrix.

551 917 807 946 FACIUNDUM
830 919 930 947 EmT
949 909 1190 957 legendu
1208 919 1250 948 m
1278 909 1552 948 faciundu
1570 919 1612 947 m
1643 906 2029 947 scribendum:
2050 909 2110 947 to-

488 983 585 1021 tum
619 984 702 1023 hoc
733 994 910 1034 semper
942 986 1199 1025 necessitati
1233 986 1504 1035 adiungitur,
1538 988 1588 1024 ut
1620 985 1840 1034 Vergilius
1859 984 1949 1024 ‘aut
1964 994 2116 1033 pacem

491 1057 676 1098 Troiano
705 1060 758 1099 ab
789 1071 823 1100 r.
856 1057 911 1109 p.'
946 1063 989 1100 et
1022 1061 1124 1100 alibi
1159 1061 1298 1101 ‘arma
1331 1072 1368 1103 a.
1403 1061 1432 1101 f.
1465 1062 1522 1100 u!
1556 1062 1679 1101 (Aen.
1716 1062 1767 1100 11
1804 1061 1904 1102 230.
1938 1061 1964 1100 8
1997 1061 2112 1106 441).
2173 1068 2179 1072 ’

552 1136 571 1173 1
608 1145 743 1175 cano
776 1147 830 1175 UT
863 1148 931 1175 Em·
964 1148 1128 1176 MISERA
1161 1148 1274 1176 PRAE
1306 1148 1453 1179 AMORE
1482 1148 1691 1176 Excwsrr
1719 1147 1839 1176 mmo
1866 1147 2003 1176 EoRAs
2020 1147 2111 1176 ora-

498 1211 606 1250 torie
656 1214 700 1251 et
746 1211 885 1252 facete
929 1213 1127 1252 additum
1162 1214 1375 1253 ‘misera’z
1411 1214 1435 1252 2
1469 1216 1512 1252 et
1544 1223 1642 1252 cum
1676 1213 1753 1252 illa
1785 1223 1811 1252 a
1842 1212 2114 1252 derivatione

487 1296 646 1327 causae
677 1291 1079 1338 argumentaretur,
1113 1290 1225 1328 mire
1259 1300 1284 1328 a
1317 1289 1591 1328 Parmenone
1625 1290 1825 1338 correpta
1851 1290 1938 1338 est,
1966 1288 2113 1328 verisi-

492 1362 597 1401 mile
629 1373 717 1402 non
750 1374 868 1413 esse,
905 1367 971 1414 ut,
1006 1375 1132 1413 quern
1169 1365 1267 1414 quis
1299 1367 1441 1414 amat,
1474 1365 1663 1404 eundem
1697 1364 1837 1414 possit
1868 1364 2112 1404 excludere.

665 1438 687 1473 3
717 1438 739 1460 ³³⁶
768 1449 962 1476 Excnusrr
991 1449 1102 1475 Hunc
1130 1449 1258 1475 EoRAs
1285 1442 1385 1484 παρὰ
1412 1440 1641 1484 προσδοκίαν
1670 1439 1807 1475 intulit
1826 1438 1990 1475 intuens
2006 1437 2111 1484 puel-

606 1491 687 1528 lam
725 1494 763 1529 et
793 1494 829 1529 ei
857 1495 1078 1530 ostendens
1109 1493 1362 1540 Phaedriam,
1393 1496 1437 1530 ut
1465 1495 1671 1540 ostendat,
1700 1503 1821 1538 quam
1849 1493 1950 1529 falsa
1978 1502 2024 1529 ac
2050 1502 2111 1529 re-

608 1547 832 1591 pugnantia
857 1548 1044 1592 loquatur
1072 1549 1275 1584 meretrix.

552 1628 637 1656 AGE
671 1630 749 1657 SED
783 1630 871 1658 Huc
902 1630 990 1665 QUA
1016 1630 1183 1659 GRATIA
1209 1631 1260 1658 TE
1288 1630 1468 1658 ACCERsr
1496 1630 1608 1658 mssr
1632 1630 1859 1658 AUSCULTA
1879 1618 2109 1668 corripien-

488 1693 546 1732 tis
577 1696 647 1732 est
679 1695 809 1734 modo
845 1694 970 1744 ‘age’,
1004 1705 1091 1734 non
1124 1695 1343 1734 hortantis
1375 1695 1648 1734 adverbium.

555 1772 570 1808 l
601 1781 652 1808 TE
677 1781 857 1810 ACCERsr
885 1782 998 1811 IUSSI
1025 1783 1255 1811 AUSCULTA
1283 1772 1365 1812 hoc
1392 1773 1461 1811 est
1488 1772 1601 1820 quod
1619 1782 1752 1820 supra
1768 1771 1831 1810 ait
1846 1773 1900 1813 (V.
1920 1771 1991 1812 46)
2011 1769 2110 1810 ‘non

489 1855 586 1885 eam
627 1857 681 1886 ne
724 1858 840 1887 nunc
880 1849 1057 1897 quidem
1101 1859 1200 1888 cum
1245 1859 1444 1888 accersor
1482 1848 1644 1887 ultr0?’
1679 1848 1703 1886 2
1737 1858 1942 1887 Dic-mm
1974 1857 2111 1887 mere-

490 1923 616 1962 tricia
651 1923 895 1964 calliditate
929 1925 1210 1964 commendat
1242 1934 1352 1973 quae
1385 1925 1557 1964 dictura
1589 1926 1669 1964 est.

547 2009 686 2038 EGONE
728 2011 886 2039 OPTIME
929 2001 1037 2040 bene
1069 2011 1156 2040 non
1188 2000 1466 2051 exspectavit
1497 2010 1673 2050 servus,
1707 2002 1757 2040 ut
1787 2010 1866 2050 pro
1898 2010 1946 2039 se
1977 1999 2111 2040 domi·

491 2085 574 2114 nus
607 2077 893 2125 responderet
925 2076 1095 2116 Thaidi.

550 2152 573 2189 2
608 2162 734 2190 MEAM
765 2163 982 2192 Asrameo
1014 2163 1148 2192 FIDEM
1184 2151 1328 2192 ‘fidem
1363 2153 1579 2201 astringo'
1612 2152 1837 2202 promitto,
1871 2152 1972 2201 quia
2004 2151 2110 2191 vin-

491 2227 616 2266 cula
647 2228 790 2268 fidei
823 2229 1042 2268 dicuntur.

665 2303 681 2337 1
713 2302 735 2324 *
759 2313 897 2338 VERUM
922 2312 1029 2339 HEUS
1055 2313 1108 2339 Τσ
1132 2312 1213 2338 HAG
1237 2312 1337 2338 LEGE
1362 2312 1442 2338 '1'1131
1466 2303 1602 2338 astute
1628 2311 1773 2338 servus
1797 2301 1956 2347 reponit
1971 2300 2111 2338 Thaidi

610 2356 756 2401 vicem,
785 2367 880 2392 nam
904 2357 971 2394 illa
1004 2359 1048 2393 ut
1078 2366 1274 2401 magnum
1302 2356 1430 2393 voluit
1459 2356 1689 2401 exspectari
1717 2357 1821 2400 quod
1850 2356 2005 2392 dictura
2027 2357 2110 2401 est,

607 2410 686 2447 iste
716 2411 761 2447 ut
789 2410 939 2447 falsum
968 2412 1206 2448 contemnit.

553 2482 572 2519 1
609 2491 723 2526 QUAE
755 2492 871 2521 VERA
904 2493 1060 2521 Aunrvr
1094 2483 1204 2521 mire
1238 2482 1380 2521 vicem
1413 2481 1628 2520 Parmeno
1660 2482 1846 2521 reddidit
1873 2480 2107 2530 meretrici,

490 2567 594 2596 nam
637 2560 685 2596 ut
725 2569 907 2598 servum
951 2559 1122 2598 difficile
1165 2560 1233 2598 est
1270 2560 1413 2597 tacere
1445 2558 1704 2607 commissa,
1738 2558 1799 2596 ita
1829 2557 2109 2596 meretricem

492 2643 640 2672 rarum
685 2635 752 2673 est
783 2644 886 2673 vera
918 2635 1074 2674 dicere.
1109 2636 1133 2672 2
1167 2644 1282 2680 QUAE
1316 2644 1431 2672 VERA
1462 2644 1619 2672 Aumvr
1650 2632 1791 2682 figura
1821 2630 2107 2684 πἀρασκευή.3

492 2719 701 2747 οοΝΤιΝΕο
735 2720 892 2748 OPTIME
925 2711 1096 2760 proprie
1130 2721 1155 2748 a
1187 2710 1447 2759 metaphora
1479 2709 1598 2748 vasis
1629 2708 1859 2748 transtulit
1889 2708 2035 2748 verba.

558 2787 576 2823 1
613 2795 650 2822 sr
680 2796 852 2823 PALSUM
885 2797 972 2824 Aur
1006 2796 1162 2824 VANUM
1195 2796 1283 2824 AUT
1315 2795 1477 2824 ErcTUM
1508 2795 1585 2823 Es'r
1611 2795 1827 2824 commeo
1854 2794 2006 2823 PALAM
2031 2794 2107 2823 Esr

491 2859 683 2900 ‘falsum’
718 2864 786 2899 est
817 2872 900 2909 quo
936 2861 1101 2910 tegitur
1133 2862 1174 2901 id
1209 2861 1323 2910 quod
1355 2861 1522 2900 factum
1557 2862 1643 2910 est,
1680 2860 1873 2900 ‘vanum’
1902 2862 1970 2900 est
1995 2859 2108 2909 quod

493 2936 588 2976 fieri
620 2947 705 2976 non
738 2939 902 2986 potest,
941 2936 1122 2976 ‘fictum'
1157 2937 1270 2986 quod
1301 2937 1469 2976 factum
1503 2947 1588 2976 non
1621 2939 1691 2976 est
1723 2939 1766 2976 et
1797 2935 1893 2976 fieri
1923 2936 2076 2985 potuit.

664 3012 685 3046 2
713 3011 782 3047 Vel
807 3011 979 3047 ‘falsum'
996 3014 1058 3048 est
1075 3012 1211 3048 fictum
1230 3012 1482 3048 mendacium
1499 3011 1629 3047 simile
1646 3012 1824 3057 veritati,
1841 3010 2106 3046 ‘vanum’nec

608 3065 799 3111 possibile
827 3076 902 3102 nec
931 3066 1165 3112 verisimile,
1195 3065 1358 3102 ‘fictum'
1387 3068 1521 3102 totum
1551 3066 1638 3102 sine
1662 3075 1756 3102 vero
1780 3065 1852 3101 sed
1876 3064 2105 3101 verisimile.
2157 3115 2160 3120 ι
2222 3095 2226 3108 ,
