2242 3443
18 1567 19 1573 1
18 1536 19 1543 ᾼ
3 667 28 1510 Ἀῶωὲᾞιᾼωιιςιφωιώω-
18 646 27 651 Ι

24 1211 25 1225 ⁴
26 1106 28 1114 ἡ
28 1011 29 1015 Α
29 980 35 984 ,
36 578 37 582 Α
24 184 38 339 ιιιτμνωτι,

958 181 1039 218 327

118 299 196 337 613
278 300 302 337 2
328 301 429 337 rhet.
460 302 501 337 et
526 301 573 337 cf.
605 301 640 338 3.
724 302 798 339 617
829 302 851 339 3
883 303 929 338 ‘si
957 304 1050 339 non’
1081 304 1118 339 in
1150 305 1339 342 lemmate
1369 307 1468 343 Don.
1497 318 1586 344 cuni
1615 312 1697 346 cod.
1723 312 1776 355 A;
1795 322 1881 347 sus-

224 361 317 398 tulit
346 363 569 402 BentleiuS.

118 422 196 458 618
279 423 302 459 3
330 423 448 460 iuxta
477 426 576 461 Don.
609 426 642 462 1.
726 425 803 461 622
832 426 906 462 An.
939 426 1026 464 783.
1059 427 1094 463 2.

118 483 196 519 625
280 485 298 520 1
331 485 399 520 Ph.
431 486 518 523 226.
549 486 584 532 2,
615 485 702 522 234.
736 486 770 522 5.
855 486 878 523 3
906 488 1021 524 iuxta
1051 492 1121 524 aut
1151 491 1286 533 potius
1315 493 1454 527 contra
1482 493 1580 527 Don.
1612 493 1646 528 2.
1729 495 1751 528 4
1777 493 1880 529 rhet.

118 544 195 582 626
278 545 302 583 3
343 547 458 583 iuxta
495 549 594 584 Don.
624 547 648 584 2
677 557 747 592 per
776 558 856 594 an,
887 550 933 585 de
963 560 1041 594 qua
1069 551 1264 594 particula
1293 552 1383 588 vide
1413 553 1459 588 ad
1491 555 1564 588 An.
1598 553 1683 590 132.
1715 554 1749 591 2.
1780 555 1879 591 Eun.

226 607 314 654 513,
345 610 418 645 etc.

116 669 191 706 627
277 669 301 707 2
337 680 482 714 nugae.
565 671 640 708 631
684 671 702 708 1
734 671 835 708 rhet.
921 673 944 709 3
974 673 1088 709 iuxta
1116 674 1214 710 Don.
1246 674 1280 720 2,
1311 675 1419 711 nulla
1448 675 1485 711 in
1518 676 1591 712 hac
1620 686 1714 712 voce
1745 677 1879 712 ‘animi

223 732 444 777 percussio’
475 734 550 769 est.

117 793 194 829 633
279 795 297 829 1
340 793 574 830 ‘mutatio
612 794 686 830 fit’
727 795 995 831 mutationem
1034 797 1311 841 suspicionum
1342 807 1604 842 errorumque
1632 799 1879 843 iurgantium

224 856 329 899 dicit,
367 856 424 892 sic
460 858 566 892 recte
596 856 793 902 Donatus,
823 866 968 901 nempe
998 858 1091 893 dum
1122 859 1273 894 Laches
1303 859 1513 903 hucusque
1542 870 1682 895 suam
1711 871 1879 896 uxorem

223 917 462 962 culpandam
501 927 592 954 esse
624 919 820 963 credebat,
850 928 955 954 nunc
986 919 1207 965 Phidippus
1237 930 1260 956 a
1290 930 1363 956 sua
1392 931 1518 957 uxore
1546 922 1719 967 Myrrina
1748 922 1880 957 omnia

223 983 364 1018 exorta
392 980 461 1017 ait.
490 980 620 1024 Igitur
648 980 893 1025 repudianda
922 982 985 1016 est
1013 981 1140 1017 altera
1166 983 1448 1027 interpretatio
1477 993 1577 1027 quae
1606 983 1751 1027 legitur
1779 984 1816 1018 in
1844 985 1878 1019 4.

277 1043 301 1079 2
342 1043 489 1087 repetit
526 1051 595 1086 per
633 1051 751 1086 ergo
790 1043 894 1086 quod
932 1044 996 1078 est
1032 1043 1071 1079 in
1115 1043 1148 1080 1.
1187 1044 1234 1079 In
1273 1044 1398 1080 schol.
1428 1044 1451 1081 3
1480 1045 1578 1081 Don.
1607 1047 1714 1081 recte
1744 1047 1881 1081 monet

224 1104 306 1140 ‘ea’
348 1114 429 1140 non
471 1103 643 1140 indicare
682 1104 1025 1140 mutationem
1064 1107 1136 1140 sed
1174 1116 1389 1142 uxorem
1428 1107 1658 1152 Myrrinam,
1697 1108 1881 1151 quocirca

221 1165 439 1202 verisimile
476 1167 540 1201 est
570 1175 662 1202 eum
691 1166 813 1202 verba
842 1166 1077 1202 ‘mutatio
1107 1167 1182 1202 fit'
1211 1168 1419 1212 Pamphilo
1447 1169 1617 1214 dedisse,
1646 1169 1713 1212 qui
1742 1170 1778 1204 in
1808 1169 1881 1205 hac

223 1237 369 1264 scaena
398 1227 526 1263 multa
555 1237 577 1263 a
605 1228 728 1263 latere
756 1227 952 1273 loquitur;
984 1228 1118 1273 itaque
1147 1239 1227 1265 non
1257 1231 1342 1266 erat
1367 1231 1468 1273 quod
1496 1231 1701 1266 Bentleius
1727 1232 1772 1266 ad
1789 1231 1826 1266 h.
1843 1241 1879 1266 V.

221 1290 481 1327 inveheretur
509 1289 549 1325 in
579 1290 797 1326 Donatum.

115 1353 193 1389 634
278 1352 297 1388 1
328 1354 368 1388 et
397 1352 420 1389 3
450 1352 654 1396 iungenda
682 1352 889 1397 videntum
916 1352 961 1388 cf.
987 1353 1035 1388 ad
1059 1352 1146 1389 639.
1230 1353 1255 1390 2
1280 1354 1326 1389 de
1352 1353 1523 1389 formula
1548 1355 1614 1389 ‘ut
1643 1352 1879 1389 diximus‘

222 1414 262 1449 in
305 1414 429 1450 schol.
468 1414 616 1459 spuriis
657 1414 745 1449 vide
784 1414 1103 1458 disputationem
1139 1414 1178 1450 in
1216 1415 1361 1450 Mnem.
1393 1414 1454 1451 35.
1484 1415 1559 1451 409
1591 1419 1655 1456 (=
1670 1414 1734 1449 lib.
1765 1424 1879 1450 meus

226 1477 272 1511 de
311 1485 412 1513 com,
457 1477 553 1520 orig.
592 1486 628 1520 p.
670 1475 741 1512 158
783 1479 880 1519 sqq.)
918 1475 1048 1519 ibique
1085 1475 1159 1511 loci
1197 1476 1233 1511 in
1265 1476 1359 1512 Hec.
1390 1479 1441 1520 (p.
1472 1477 1561 1517 414)
1591 1486 1655 1511 vv.
1685 1477 1721 1520 7,
1750 1477 1811 1512 97.
1843 1476 1877 1519 2,

226 1537 314 1574 242.
345 1537 381 1581 2,
412 1537 500 1574 792.
534 1537 566 1573 1.
652 1537 674 1573 5
703 1537 864 1575 falsum.

116 1599 193 1635 639
277 1600 296 1635 1
327 1601 367 1635 et
395 1599 419 1635 2
448 1599 673 1635 consimilia
701 1599 876 1634 fortasse
904 1599 943 1634 in
974 1609 1102 1634 unum
1131 1599 1412 1643 coniungenda
1440 1600 1548 1634 sunt.

118 1660 193 1697 641
277 1672 301 1696 a
329 1661 486 1697 notavit
519 1661 678 1696 Wessn.
763 1661 838 1696 643
869 1660 891 1696 3
922 1660 996 1696 An.
1027 1659 1117 1697 250.
1148 1661 1180 1696 1.
1211 1661 1310 1696 Eun.
1343 1659 1415 1696 237
1462 1662 1495 1705 1,
1525 1660 1613 1697 833.
1644 1660 1677 1696 2.

118 1722 196 1758 644
278 1722 324 1758 cf.
355 1723 416 1761 20.
449 1723 484 1759 2.

117 1783 192 1821 647
277 1785 375 1820 Don.
418 1784 436 1820 1
477 1784 631 1820 dubitat
670 1786 806 1819 utrum
845 1785 996 1819 dictum
1035 1784 1087 1819 sit
1127 1793 1196 1827 per
1225 1784 1395 1819 ironiam
1426 1793 1474 1819 an
1505 1783 1630 1827 aliter,
1661 1783 1760 1819 alter
1788 1783 1827 1817 in
1858 1783 1881 1819 2

225 1846 394 1882 affirmat
423 1856 513 1882 esse
541 1846 727 1891 ironiam,
759 1846 826 1880 sed
855 1845 1089 1889 ceteroquin
1119 1844 1271 1889 figurae
1294 1845 1673 1889 interpretationem
1692 1847 1732 1880 et
1748 1854 1881 1880 exem-

224 1908 335 1953 plum
377 1908 521 1944 Donati
560 1907 718 1952 repetit.
758 1908 941 1943 Ceterum
974 1906 1255 1952 interpretatio
1293 1908 1332 1942 in
1370 1907 1414 1943 2:
1445 1907 1532 1942 ‘hoc
1561 1908 1667 1942 enim
1697 1906 1765 1942 ait'
1796 1916 1879 1950 sqq

222 1970 392 2006 ironiam
430 1980 509 2006 non
548 1970 767 2006 luculenter
805 1969 948 2015 aperit,
977 1969 1081 2013 quod
1111 1969 1210 2004 Don.
1244 1969 1262 2004 1
1293 1968 1383 2004 fecit
1413 1969 1610 2004 addendo:
1641 1968 1782 2012 ‘placet
1811 1978 1880 2012 pro

224 2032 433 2077 displicet'.

117 2095 194 2132 653
276 2094 322 2130 cf.
351 2094 497 2130 similia
525 2095 574 2130 ad
603 2095 677 2129 An.
709 2093 798 2130 347.
881 2092 959 2129 656
991 2093 1009 2127 1
1041 2092 1088 2128 cf.
1120 2092 1206 2129 534,
1239 2092 1273 2128 3.

115 2157 192 2193 656
275 2156 299 2193 2
342 2156 416 2192 hoc
454 2156 650 2192 scholium
689 2155 863 2200 pertinet
901 2155 949 2189 ad
987 2155 1116 2190 totam
1147 2154 1394 2190 sententiam
1424 2163 1615 2189 versuum
1645 2153 1721 2189 655
1751 2163 1810 2197 sq.
1839 2155 1878 2188 et

223 2218 349 2263 stetit,
383 2219 536 2264 opinor,
566 2220 660 2253 ante
692 2217 725 2262 1,
755 2217 858 2260 quod
890 2225 1012 2252 unam
1040 2216 1345 2252 adnotationem
1376 2216 1493 2251 efficit
1522 2225 1612 2251 cum
1642 2215 1677 2251 3.

115 2281 193 2318 658
278 2290 336 2324 sq.
365 2282 404 2316 et
434 2280 521 2317 660.
553 2279 577 2315 2
605 2279 705 2314 rhet.

115 2345 193 2380 666
274 2341 298 2378 3
325 2342 472 2386 repetit.
498 2341 579 2377 fere
611 2342 630 2378 1
648 2338 739 2384 42
768 2339 925 2385 Donati,
954 2339 1021 2383 qui
1050 2349 1259 2384 perperam
1289 2339 1497 2375 coniunxit
1527 2337 1644 2375 ‘uxor
1673 2340 1786 2374 mea’.

116 2405 194 2441 670
274 2403 297 2440 3
336 2404 388 2439 'et
416 2403 491 2439 hoc
520 2404 584 2438 est
612 2401 784 2445 melius',
813 2401 938 2436 immo
966 2400 1083 2436 lectio
1111 2410 1236 2444 prava
1266 2402 1341 2444 est,
1373 2410 1465 2435 nam
1497 2401 1652 2444 patrem
1682 2409 1761 2435 non
1793 2399 1882 2435 allo-

222 2467 371 2510 quitur,
401 2466 470 2501 sed
500 2464 793 2500 obmurmurat.
875 2462 899 2497 4
929 2463 963 2497 si
991 2462 1217 2505 genuinum
1243 2466 1306 2497 est
1331 2461 1478 2496 lectum
1504 2461 1577 2497 fuit
1598 2461 1637 2496 in
1652 2464 1881 2497 commento

224 2529 318 2563 ante
347 2527 487 2563 verba:
519 2526 572 2561 ‘et
604 2524 802 2560 videbitur
831 2533 959 2560 senex
989 2524 1087 2567 sqq.'
1118 2523 1157 2558 in
1187 2523 1222 2559 2.

116 2589 194 2628 672
279 2591 298 2627 1
330 2590 402 2626 Ad.
433 2588 520 2626 692.
552 2587 586 2624 3.
669 2586 747 2623 675
779 2586 798 2623 1
830 2585 931 2622 rhet.
962 2586 1007 2620 ut
1036 2585 1125 2631 677,
1156 2585 1246 2630 684,
1276 2585 1364 2621 697.
1398 2584 1430 2620 1.

117 2652 195 2688 696
277 2651 302 2687 2
329 2661 353 2685 α
382 2650 541 2686 notavit
569 2649 730 2684 Wessn.
817 2647 889 2683 701
923 2646 969 2682 cf.
1000 2646 1087 2684 280.
1122 2646 1141 2682 1

120 2714 193 2750 711
278 2714 324 2748 de
365 2712 428 2748 his
467 2711 591 2747 schol.
629 2710 717 2745 vide
746 2708 832 2744 libr.
863 2717 997 2744 meum
1028 2718 1066 2752 p.
1099 2708 1172 2745 186
1202 2708 1263 2749 (de
1292 2706 1469 2742 fontibus
1498 2706 1880 2750 Donati‚-—-Mnem.

227 2773 289 2811 35.
319 2773 423 2816 437.)

121 2837 196 2873 716
279 2837 300 2873 1
332 2846 356 2869 a
384 2835 542 2871 notavit
571 2833 734 2869 Wessn.

121 2898 194 2934 717
281 2897 301 2933 1
331 2907 352 2932 α
384 2898 425 2932 et
455 2896 474 2931 1
506 2896 525 2930 b
555 2893 714 2930 notavit
743 2892 904 2928 Wessn.
988 2892 1012 2928 2
1041 2892 1268 2928 aemulatur
1297 2891 1394 2926 Don.
1427 2892 1460 2933 1,
1490 2892 1558 2926 sed
1588 2900 1750 2926 causam
1776 2900 1882 2927 asse-

224 2959 275 2994 rit
314 2959 515 3002 ineptam:
557 2958 650 2991 ‘non
691 2954 890 2990 convenit’
923 2963 1007 2997 sqq.
1036 2953 1201 2990 Servius
1232 2953 1352 2988 verba
1380 2952 1566 2987 Aeneidis
1595 2952 1882 2996 interpretatur

144 3059 148 3061 ,
225 3029 295 3063 per
323 3019 648 3062 loquebatur.

121 3080 197 3119 724
279 3091 302 3116 α
331 3082 486 3116 notavit
514 3079 677 3115 Wessn.
762 3076 833 3114 727
871 3077 889 3112 1
920 3075 966 3112 cf.
996 3077 1042 3112 ad
1075 3076 1138 3113 58.
1168 3076 1204 3112 3.
1289 3073 1312 3110 3
1341 3074 1442 3110 rhet.
