2242 3443
134 479 207 514 887

136 628 212 665 888

137 1111 213 1146 889

138 1262 213 1297 890

138 1338 212 1373 891

140 2315 217 2352 894

142 2818 217 2854 895

982 198 1062 236 105

283 323 358 361 sed
386 332 471 360 non
501 332 563 360 ex
597 322 779 359 animo
812 322 998 369 faciunt;
1030 332 1131 368 ergo
1160 322 1310 360 omnia
1339 321 1516 368 addidit,
1546 330 1655 368 quae
1673 320 1894 368 placatum

281 397 517 436 ostendant
548 398 692 444 ipsum
727 399 769 435 et
803 397 1081 436 clementem.

343 474 362 510 1
406 482 539 516 ATQUI
577 482 684 510 SYRE
719 472 866 519 ‘atqui'
903 473 1091 511 abundat
1125 482 1199 521 per
1230 470 1440 522 παρέλκον.
1477 473 1500 509 2
1535 482 1643 510 SYRE
1676 481 1894 510 assevera-

285 548 344 585 tio
378 549 443 585 est
478 557 562 584 non
595 547 827 585 credentis.

345 625 363 660 1
414 633 493 661 Hoc
538 633 684 661 VERUM
715 633 788 661 EST
823 623 946 670 quasi
980 622 1141 660 falsum
1175 622 1306 661 suerit
1338 622 1443 660 illud
1477 622 1587 669 quod
1622 622 1821 669 iurgabat
1855 623 1897 659 et

284 700 364 737 hoc
410 699 467 737 sit
512 708 662 736 verum
704 698 817 746 quod
860 708 976 736 nunc
1018 698 1207 746 <est>
1250 699 1386 737 mitis.
1431 699 1454 736 2
1498 707 1741 736 PROPEDOEM
1786 695 1899 745 ὑφέιι,

283 784 387 812 nam
432 773 709 823 ‘propediem'
754 774 1013 813 adverbium
1057 777 1124 812 est
1164 774 1390 823 temporis,
1426 775 1473 811 ut
1504 774 1542 811 si
1573 773 1738 812 diceret
1771 772 1899 811 ‘cito’.

1003 944 1042 981 6.

346 1107 363 1143 1
400 1114 486 1142 ERA
519 1114 599 1142 Eoo
632 1114 738 1142 HINC
770 1115 829 1142 AD
862 1114 944 1142 Hos
977 1113 1155 1141 PRoviso
1185 1102 1251 1141 ‘ad
1282 1104 1376 1142 hos‘
1405 1103 1634 1141 Micionem
1664 1104 1707 1140 et
1724 1102 1900 1140 Aeschi-

284 1191 388 1219 num
432 1180 611 1219 scilicet.
648 1181 671 1218 2
708 1180 915 1218 ‘Proviso’
951 1180 1059 1218 duas
1093 1190 1163 1218 res
1194 1179 1436 1227 significat:
1471 1179 1654 1227 procedo
1687 1181 1730 1217 et
1763 1179 1901 1216 video.

343 1267 420 1295 sni>
452 1266 593 1294 ECOUM
628 1256 707 1294 hoc
742 1256 853 1304 apud
888 1266 948 1294 se.

347 1335 364 1370 1
410 1343 432 1371 0
474 1343 546 1378 Qui
590 1343 758 1371 VOCARE:
801 1334 882 1371 hac
925 1333 1228 1371 interiectione
1261 1332 1442 1381 utimur,
1478 1332 1550 1370 ubi
1583 1342 1637 1371 ex
1670 1331 1902 1370 intervallo

286 1410 411 1447 notos
443 1410 658 1448 videmus.
695 1410 718 1447 2
752 1419 775 1447 o
810 1419 882 1454 Qui
918 1419 1085 1448 VOCARE
1118 1410 1218 1457 post
1253 1407 1303 1448 ‘o’
1337 1409 1512 1447 nomine
1548 1411 1782 1447 vocaturus
1816 1418 1901 1445 non

287 1485 439 1523 habuit
479 1486 581 1533 quid
615 1486 778 1523 diceret
809 1487 854 1524 et
885 1485 980 1523 ideo
1014 1485 1201 1523 subiecit
1237 1483 1320 1532 ‘qui
1355 1486 1556 1524 vocare‘?'
1590 1486 1652 1523 sic
1686 1483 1903 1531 Vergilius

287 1562 408 1605 (Aen.
432 1563 466 1600 l.
489 1562 588 1602 327)
634 1561 670 1600 ‘o
716 1571 848 1609 quam
892 1563 934 1599 te
977 1571 1077 1609 me.,
1124 1562 1196 1599 V.?
1238 1571 1278 1600 n.
1323 1561 1364 1600 h.
1398 1562 1428 1599 t.
1462 1571 1502 1600 v.
1537 1571 1596 1600 m.
1629 1571 1670 1599 n.
1705 1571 1744 1598 v.
1778 1560 1818 1598 h.
1853 1561 1902 1598 s.’

285 1638 420 1675 moris
461 1639 528 1676 est
569 1640 717 1676 autem
761 1637 988 1676 inferiores
1029 1638 1200 1686 proprio
1234 1638 1412 1676 nomine
1445 1647 1616 1685 vocare,
1650 1637 1689 1675 si
1720 1636 1905 1675 blandiri

286 1713 410 1763 velis,
443 1715 518 1753 sed
553 1715 622 1753 hic
654 1714 847 1752 nominis
879 1713 1056 1762 oblitus,
1091 1714 1195 1752 dum
1224 1713 1396 1752 dubitat
1422 1715 1466 1752 et
1491 1713 1686 1762 inquirit,
1713 1709 1906 1750 inhaesit

288 1791 548 1838 pronomini.

342 1877 482 1905 Ammo
514 1877 600 1905 Mno
633 1866 714 1905 hoe
745 1868 837 1905 est:
871 1867 1113 1905 secundum
1149 1866 1286 1904 animi
1318 1866 1406 1905 mei
1439 1865 1721 1905 sententiam.
1754 1868 1807 1909 (a)

457 1951 481 1976 a
509 1943 550 1976 et
577 1942 780 1984 quantum
810 1941 859 1976 ad
885 1940 1064 1976 animum
1098 1941 1274 1985 pertinet
1303 1950 1452 1976 meum.

350 2014 368 2051 1
413 2022 508 2051 NAM
549 2023 588 2050 1s
630 1999 731 2052 M1H1
764 2000 848 2051 ἘΒΤ
892 2022 1107 2051 PROFEGTO
1151 2022 1315 2050 snnvos
1361 2012 1404 2050 in
1439 2013 1518 2050 hoc
1552 2011 1771 2050 laudando
1805 2011 1905 2058 quia

287 2099 371 2127 non
414 2088 593 2136 laborat,
638 2088 823 2127 subiecit
865 2088 1114 2136 specialiter
1156 2088 1317 2126 merita
1359 2088 1468 2136 eius,
1505 2090 1550 2126 at
1582 2088 1625 2125 in
1659 2088 1766 2135 Syro
1798 2086 1904 2124 nihil

287 2165 439 2203 habuit
479 2165 591 2212 quod
633 2165 796 2203 diceret
827 2166 999 2213 praeter
1030 2164 1207 2203 laudem
1240 2165 1335 2203 sine
1367 2163 1502 2203 ullius
1533 2164 1638 2202 facti
1670 2163 1906 2201 mentione.

460 2239 484 2274 2
512 2239 560 2274 Et
587 2249 680 2274 MIHI
708 2239 742 2273 id
776 2240 859 2274 est:
894 2240 1092 2282 quantum
1122 2239 1170 2274 ad
1200 2238 1390 2274 iudicium
1418 2247 1553 2274 meum
1577 2237 1763 2282 pertinet.

350 2314 369 2349 1
415 2321 486 2350 cui
528 2321 722 2349 DOMINUS
764 2321 907 2349 CURAE
949 2321 1027 2349 Es‘r
1070 2321 1169 2349 cum
1214 2311 1283 2349 hic
1315 2310 1518 2349 dominas
1551 2309 1724 2358 habeat,
1759 2308 1904 2347 ‘domi-

289 2373 386 2426 nus’
418 2387 543 2435 dixit,
574 2387 675 2434 quia
701 2389 743 2425 et
770 2386 994 2435 praevalet
1022 2387 1334 2435 masculinum,
1362 2386 1580 2434 Vergilius
1608 2386 1728 2424 (Aen.
1748 2385 1787 2423 2.
1807 2385 1906 2429 632)

288 2463 517 2502 ‘descendo
550 2472 599 2501 ac
631 2463 671 2501 d.
705 2463 744 2502 d,
778 2463 806 2501 f.
837 2465 879 2501 et
907 2463 947 2501 h.
978 2463 1089 2511 exp'
1119 2465 1162 2501 et
1188 2465 1414 2511 praeterea
1440 2462 1661 2501 sententia
1687 2460 1907 2509 generalis

286 2539 518 2586 inducitur,
549 2548 646 2576 cum
675 2538 846 2576 nullum
875 2539 1125 2587 specialiter
1152 2539 1382 2577 dominum
1410 2536 1640 2585 significet.
1659 2538 1684 2576 3
1704 2537 1757 2575 Et
1774 2546 1904 2583 quam

287 2616 422 2663 grate,
457 2616 690 2662 postquam
724 2614 903 2663 audivit,
942 2614 1005 2652 bis
1039 2615 1215 2653 nomine
1248 2614 1488 2662 appellavit
1521 2613 1702 2652 Getam!

459 2687 483 2723 2
510 2696 577 2722 ITA
608 2697 659 2723 UT
689 2697 769 2723 Τ1Β1
798 2697 912 2723 simei
940 2697 1042 2723 GETA
1074 2688 1299 2724 maximum
1329 2687 1636 2723 delinimentum
1665 2687 1784 2723 infert
1812 2696 1904 2722 eum

407 2741 568 2777 nomine
597 2751 761 2787 vocam,
791 2743 1132 2785 quemadmodum
1163 2741 1330 2789 <in>
1361 2742 1650 2786 superioribus.

349 2814 369 2851 1
414 2824 464 2851 ΕΤ
507 2824 595 2851 'risi
638 2823 690 2851 OB
733 2824 824 2851 EAM
857 2823 946 2852 REM
978 2824 1016 2852 SI
1049 2823 1151 2858 QUID
1179 2824 1288 2852 Usus
1322 2824 1509 2852 VENERIT
1545 2812 1599 2852 ‘et
1632 2813 1725 2850 tibi'
1758 2813 1904 2849 utrum

287 2889 657 2936 quemadmodum
704 2889 802 2927 aliis
847 2900 900 2927 an
947 2890 1315 2937 quemadmodum
1361 2885 1548 2938 Syro?¹)
1594 2889 1616 2926 2
1650 2899 1700 2927 ΕΤ
1734 2898 1820 2926 TIBI
1854 2898 1906 2926 OB

155 3076 159 3079 ’
187 3075 213 3117 ²)
240 3073 336 3110 Vide
360 3074 446 3111 adn.
471 3074 517 3109 ad
544 3075 579 3109 h.
603 3074 627 3109 l.
