2242 3443
145 542 222 578 355

144 919 220 955 356

143 1304 217 1340 357

146 1601 223 1637 358

146 2103 223 2139 359

149 2529 226 2564 360

152 2902 225 2939 361

996 175 1048 214 47

1012 375 1053 412 3.

352 546 537 574 DISPFJRH
564 545 861 574 CTESIPHONEM
890 544 1041 573 Auorvi
1072 544 1222 572 Ficum
1253 534 1319 571 hic
1348 533 1604 579 ostenditur,
1626 533 1735 579 quod
1755 534 1901 570 severi

294 613 494 650 homines
534 621 583 649 ac
626 612 731 649 recti
774 613 817 647 et
860 611 1029 648 honesti
1068 612 1244 648 tenaces
1279 609 1345 647 vel
1380 609 1550 647 ridiculi
1577 609 1667 646 sint
1702 609 1767 646 vel
1803 608 1901 646 odio

294 688 547 735 habeantur,
591 696 763 734 quoquo
806 686 1095 731 accesserint;
1138 695 1295 732 magno
1328 686 1476 722 autem
1512 684 1668 722 affectu
1703 686 1746 721 et
1779 684 1909 730 quasi

293 763 552 802 exclamans
592 762 755 800 addidit
799 760 979 807 ‘filium’‚
1014 761 1138 809 quasi
1172 770 1355 798 causam
1390 760 1607 808 redderet,
1645 770 1718 798 cur
1751 759 1910 797 dixerit

294 838 519 887 ‘disperii’.

348 924 442 953 UNA
473 924 622 952 FmssE
654 924 698 951 IN
728 923 942 951 RAPTIONE
970 923 1058 951 CUM
1086 922 1300 950 AEscmNO
1326 910 1552 960 οἰκονομία,
1583 911 1625 949 in
1655 920 1739 957 qua
1767 912 1908 948 osten-

293 990 410 1028 ditur
443 991 655 1037 quantum
696 989 1044 1027 commovebitur
1072 988 1236 1026 Demea
1262 988 1355 1036 ipsa
1383 998 1427 1025 re
1457 989 1697 1035 comperta,
1729 996 1825 1024 cum
1856 997 1909 1024 ex

294 1075 427 1113 parva
454 1065 515 1103 rei
548 1065 793 1113 suspicione
821 1066 994 1102 tantum
1022 1074 1068 1102 se
1096 1063 1275 1109 afficiat;
1305 1064 1491 1111 raptio
1520 1066 1669 1100 autem
1696 1063 1747 1100 ad
1767 1073 1910 1110 perso-

294 1151 395 1179 nam
430 1141 629 1187 refertur,
667 1140 866 1188 rapina
898 1141 950 1178 ad
980 1150 1090 1187 rem,
1127 1127 1325 1186 raptus
1342 1139 1394 1177 ad
1423 1143 1644 1187 stuprum,
1674 1139 1710 1175 si
1739 1138 1909 1186 proprie

293 1217 500 1255 volumus
531 1216 664 1264 loqui.

351 1302 370 1338 1
402 1311 446 1338 ID
473 1311 629 1338 Miseno
658 1311 820 1338 RESTAT
850 1300 957 1338 bene
987 1298 1168 1347 ‘restat’,
1197 1301 1427 1346 tamquam
1446 1299 1534 1337 iam
1555 1308 1780 1337 summum
1804 1297 1909 1335 mali

294 1375 350 1414 sit
392 1376 660 1415 Aeschinum
699 1386 795 1415 esse
828 1378 1091 1424 corruptum.
1126 1376 1150 1413 3
1183 1385 1221 1414 s1
1256 1385 1390 1413 ILLUM
1424 1385 1580 1413 POTEs‘r
1615 1385 1700 1413 non
1736 1374 1911 1412 dubitat

295 1451 408 1490 velle
440 1454 483 1490 et
514 1452 609 1490 ideo
644 1451 817 1500 ‘potest'
851 1452 969 1490 dicit.

467 1526 492 1562 2
517 1526 564 1561 Et
590 1526 750 1562 ‘misero
776 1526 885 1561 mihi'
911 1527 1026 1569 quasi
1049 1526 1116 1570 qui
1142 1526 1238 1561 nihil
1260 1526 1412 1562 nesciat
1438 1525 1535 1560 nihil
1552 1527 1717 1561 curante
1733 1525 1911 1560 Micione.

356 1599 374 1636 1
410 1607 483 1642 QUI
516 1608 664 1636 ALicm
698 1607 768 1636 REI
796 1608 871 1636 EST
901 1599 1033 1643 recte,
1064 1597 1115 1636 de
1144 1598 1224 1636 hoc
1251 1598 1369 1635 enim
1396 1607 1528 1645 supra
1555 1597 1668 1635 dixit
1695 1594 1783 1642 (94)
1812 1595 1912 1634 ‘non

295 1672 478 1711 fratrem
511 1673 632 1711 videt
665 1674 724 1711 rei
759 1673 859 1712 dare
892 1683 1090 1721 operam,
1125 1673 1213 1711 ruri
1247 1683 1344 1712 esse
1377 1683 1556 1721 parcum
1590 1683 1638 1711 ac
1671 1672 1865 1710 sobrium
1879 1673 1912 1710 ‘?'

297 1748 320 1785 2
365 1759 499 1786 ETIAM
540 1758 631 1787 EUM
672 1759 731 1787 AD
773 1758 1016 1794 NEQm'rrAM
1047 1759 1278 1788 ADDUGERE
1302 1748 1425 1796 quasi
1458 1748 1648 1786 invitum
1683 1748 1795 1786 dixit
1826 1758 1911 1786 non

297 1824 482 1863 ‘vocare’
516 1825 591 1863 sed
626 1821 866 1863 ‘adducere’
900 1828 976 1873 (a);
1011 1826 1269 1873 nequitia
1301 1827 1449 1863 autem
1484 1825 1655 1873 proprie
1682 1824 1915 1862 libidinosa

296 1900 456 1938 inertia
488 1900 605 1939 dicta
637 1903 722 1949 est,
756 1901 866 1948 quod
903 1901 1043 1939 nihil
1078 1903 1240 1949 queat
1274 1900 1470 1948 nullique
1502 1900 1563 1939 rei
1596 1903 1698 1948 apta
1729 1901 1799 1938 sit.
1833 1900 1885 1943 (b)

469 1974 493 2010 2
530 1985 554 2008 α
596 1975 828 2010 ducimus
871 1976 978 2010 enim
1021 1975 1146 2011 etiam
1191 1976 1369 2018 orantes,
1411 1974 1709 2010 adducimus
1748 1974 1911 2009 invitos

417 2026 440 2062 2
465 2028 485 2061 b
512 2027 644 2064 *unde
679 2031 718 2064 et
749 2038 933 2073 nugae,
965 2030 1066 2073 quod
1097 2029 1229 2064 nihil
1264 2030 1420 2073 agant
1448 2029 1508 2064 vel
1534 2038 1556 2063 a
1580 2038 1671 2064 non
1703 2030 1910 2072 agendo.

354 2099 372 2136 l
404 2109 478 2137 UBI
505 2109 585 2138 Eoo
614 2110 749 2139 [LLUM
777 2110 989 2145 QUAERAM
1018 2111 1053 2139 c.
1082 2112 1125 2139 A.
1154 2110 1238 2138 non
1267 2099 1384 2138 ‘isse’
1409 2110 1507 2138 eum
1528 2099 1633 2138 dicit
1650 2100 1725 2138 sed
1746 2099 1913 2138 ‘abduc-

292 2175 403 2212 tum’
438 2185 556 2223 esse,
591 2178 639 2214 ut
671 2176 814 2215 adhuc
846 2177 972 2225 culpa
999 2186 1083 2215 non
1110 2177 1169 2215 sit
1192 2176 1324 2214 illius.
1354 2177 1377 2213 2
1408 2187 1452 2214 ΙΝ
1479 2186 1664 2214 GANEUM
1693 2176 1913 2223 ‘ganeum’

295 2253 468 2289 veteres
496 2251 723 2289 tabernam
754 2253 1035 2290 meretricum
1064 2253 1268 2290 dixerunt
1297 2250 1374 2289 ἀπὸ
1402 2256 1468 2301 τῆς
1487 2253 1618 2301 γαίας,
1636 2250 1807 2289 τουτέστι
1824 2256 1914 2302 γῆς,

288 2337 346 2386 Ιρο
378 2326 553 2373 quidem
586 2327 701 2374 quod
733 2327 829 2375 ipsa
860 2328 920 2366 sit
952 2328 993 2365 in
1029 2329 1164 2372 terra,
1195 2337 1282 2366 non
1313 2330 1359 2365 ut
1387 2327 1596 2366 cenacula
1622 2328 1834 2375 superius.
1859 2330 1913 2370 (a)

464 2400 488 2435 2
516 2411 539 2435 α
569 2399 699 2436 *unde
728 2404 768 2436 et
796 2402 965 2437 taberna
993 2402 1108 2445 quasi
1133 2403 1351 2438 trabena
1375 2411 1398 2437 a
1425 2401 1684 2437 validioribus
1709 2401 1814 2436 dicta
1836 2403 1913 2435 tra-

414 2455 540 2498 bibus,
570 2455 714 2498 quibus
746 2456 956 2499 superiora
985 2465 1190 2500 suspensa
1220 2458 1329 2491 sunt.

358 2527 374 2562 1
422 2536 659 2564 PERSUASIT
702 2537 798 2564 ILLE
837 2537 1031 2565 IMPURUS
1074 2528 1377 2565 suademus
1419 2527 1585 2574 facilia,
1621 2525 1913 2574 persuade-

297 2610 414 2638 mus
447 2600 658 2645 difficilia,
694 2603 716 2639 2
752 2605 795 2640 et
827 2603 1066 2641 suadere
1100 2599 1307 2642 facientis
1336 2604 1420 2649 est,
1450 2602 1794 2650 persuadere
1824 2610 1912 2648 per-

297 2674 500 2715 ficientis.
534 2677 558 2714 3
590 2677 822 2725 ‘Impurus'
856 2688 932 2726 pro
959 2678 1158 2726 improbo
1180 2679 1356 2726 ponitur
1384 2678 1494 2726 apud
1522 2677 1789 2715 Terentium.
1818 2676 1843 2713 4
1862 2675 1912 2712 Et

297 2751 365 2789 hic
398 2761 568 2798 quoque
596 2755 809 2790 excusata
836 2753 1043 2792 voluntas
1071 2756 1138 2792 est
1165 2753 1462 2802 Ctesiphonis,
1491 2754 1558 2792 cui
1587 2763 1612 2790 a
1638 2753 1806 2790 maiore
1834 2751 1913 2789 fra-

299 2827 365 2863 tre
399 2829 441 2864 et
473 2826 670 2875 improbo
704 2827 877 2875 ingesta
908 2828 967 2866 sit
1000 2829 1283 2876 persuasione
1316 2829 1525 2876 nequitia.

361 2903 379 2939 1
410 2912 487 2940 SED
516 2913 656 2940 ECCUM
685 2913 831 2941 SYRUM
859 2913 929 2942 {RE
956 2915 1083 2942 VIDEO
1116 2904 1207 2943 ‘ire’
1237 2907 1280 2943 et
1306 2905 1423 2942 abire
1450 2907 1494 2942 et
1514 2904 1661 2942 venire
1679 2901 1909 2950 significat.

303 2977 326 3015 2
353 2987 424 3015 mr:
451 2988 579 3018 vmmo
609 2978 699 3017 ‘ire'
728 2989 805 3027 pro
835 2980 1002 3029 venire,
1033 2983 1079 3019 ut
1104 2977 1370 3031 (Verg.Aen.
1391 2982 1429 3018 6.
1450 2980 1549 3018 392)
1579 2980 1672 3017 ‘nec
1690 2989 1789 3017 vero
1808 2979 1911 3016 Aea-

302 3052 441 3091 cidem
476 3063 548 3092 me
579 3064 677 3092 sum
711 3054 738 3092 1.
773 3056 823 3093 e.’
