2242 3443
317 251 491 280 HECYRA
1133 241 1218 280 318

339 367 362 402 9
448 366 466 401 1
498 366 644 402 seclusi
675 366 884 412 emblema,
916 368 1004 402 vide
1034 366 1108 402 hoc
1137 366 1333 402 scholium
1365 366 1483 410 paulo
1513 367 1608 401 ante
1637 366 1677 401 et
1709 365 1769 401 11.
1803 364 1821 400 1
1853 365 1892 400 in
1923 363 2012 400 fine.

315 428 363 463 10
445 427 467 464 3
498 427 680 472 ineptum
713 429 789 464 h.l.
821 430 937 464 iuxta
967 428 1065 464 Don.
1093 429 1128 465 2.
1215 430 1260 465 11
1283 429 1300 464 1
1319 428 1365 465 cf.
1383 429 1505 465 schol.
1526 429 1545 464 1
1563 428 1713 469 adv.9;
1733 427 1769 464 2.
1786 427 1833 464 cf.
1849 426 1920 462 Ph.
1938 424 2080 465 362.4.

315 489 362 524 12
447 489 471 526 2
499 491 522 526 4
551 490 597 526 cf.
628 492 703 526 An.
735 491 796 528 27.
827 491 862 528 3.
949 491 999 528 14
1027 491 1130 528 rhet.
1161 491 1208 527 cf.
1242 491 1362 535 Eugr.
1392 492 1439 527 ad
1469 501 1504 526 V.
1540 490 1600 528 12.

313 551 362 586 15
444 551 467 587 2
506 553 726 589 scholiasta
759 554 941 590 dubitare
979 554 1138 590 videtui·
1176 552 1427 596 significetne
1455 552 1550 588 illud
1579 546 1752 597 ‘partim’
1787 552 1944 596 partem
1971 551 2080 588 fabu-

392 616 521 651 larum
553 616 733 651 omnium
762 616 831 655 (sic
857 616 1039 652 Donatus
1070 613 1108 650 in
1143 616 1190 660 1),
1220 625 1268 650 an
1299 615 1506 651 dimidium
1538 613 1815 659 singularum
1846 623 1917 650 cur
1943 615 2080 652 autem

392 677 489 714 haec
526 677 674 714 locutio
713 678 1014 723 ‘splendida’
1053 678 1251 713 vocatur?
1285 676 1308 713 3
1341 677 1465 713 etiam
1504 676 1578 712 hoc
1607 675 1731 712 schol.
1762 675 1828 712 vix
1858 676 2081 720 genuinum
2155 679 2158 684 “
2214 663 2224 682 ’¹

392 741 468 776 est.
550 741 573 776 4
618 740 663 776 cf.
711 740 744 776 1.
783 741 819 784 7,
859 741 898 776 et
937 741 1106 784 apparet
1144 739 1294 775 lemma
1322 738 1567 775 scholiorum
1598 734 1724 786 1-Ι-4
1753 738 1888 774 totum
1917 747 2080 775 versum

394 802 565 838 dedisse.

314 867 360 903 17
446 865 469 902 3
497 865 614 900 iuxta
643 864 742 900 Don.
776 861 859 911 1—i—
877 863 912 908 2,
943 863 1009 908 qui
1039 863 1260 899 ablativum
1290 864 1398 899 recte
1426 862 1719 907 interpretatus
1748 863 1825 898 est.

316 929 363 965 18
447 928 470 964 2
498 927 545 963 cf.
577 926 675 962 Eun.
709 925 820 963 1035.
855 928 888 970 1,
917 926 1005 963 976.
1039 928 1072 964 1.
1103 927 1176 962 Ad.
1206 925 1295 962 237.
1325 925 1360 962 2.
1391 925 1460 961 Ρ11.
1493 925 1580 962 225.
1614 925 1647 961 1.

313 991 364 1028 20
450 991 467 1026 1
513 989 560 1027 cf.
592 988 679 1025 123.
709 988 744 1025 3.
774 989 850 1024 An.
881 988 943 1025 31.
1041 988 1076 1024 2.
1107 988 1153 1025 cf.
1183 989 1232 1024 ad
1261 989 1336 1025 644
1447 988 1470 1024 3
1499 999 1523 1023 α
1552 987 1655 1023 rhet.
1685 986 1865 1022 eiusdem
1893 985 2079 1031 magistri

393 1051 460 1096 qui
489 1051 594 1087 dedit
626 1051 686 1088 28.
719 1050 753 1096 2,
784 1050 845 1096 29,
875 1050 937 1088 30.
970 1052 1003 1097 1,
1032 1051 1095 1097 31,
1127 1051 1188 1088 32.

312 1114 362 1150 33
448 1115 466 1150 1
497 1113 705 1149 semirhet.
734 1112 893 1158 Donati,
923 1114 969 1149 ut
998 1113 1059 1150 34.
1093 1113 1112 1149 1
1143 1114 1183 1150 et
1213 1114 1248 1151 3.
1334 1113 1358 1150 2
1388 1124 1411 1148 α
1440 1112 1598 1149 notavit
1627 1112 1788 1149 Wessn.

312 1175 362 1211 34
447 1175 471 1210 2
500 1174 546 1210 cf.
578 1175 654 1210 An.
684 1174 746 1211 34.
778 1174 813 1211 3.

312 1237 363 1273 35
448 1238 466 1272 1
504 1237 706 1281 posterior
734 1237 1017 1281 interpretatio
1044 1237 1154 1274 iusta
1181 1239 1246 1273 est
1274 1238 1497 1273 secundum
1527 1236 1706 1273 Thomas
1734 1236 1774 1272 in
1802 1237 1863 1273 ed.
1894 1237 1942 1273 ad
1969 1236 2008 1273 h.
2038 1245 2075 1271 V.

392 1299 599 1335 Bentleius
649 1299 870 1335 dubitabat.
920 1299 943 1336 3
984 1299 1148 1336 Wessn.
1192 1299 1286 1336 citat
1329 1299 1602 1345 Weinberger‚
1646 1299 1759 1336 Stud.
1801 1298 1971 1335 Vindob.
2015 1297 2076 1333 14.

395 1362 467 1399 120
497 1363 588 1397 adn.
619 1362 652 1397 1.

312 1424 363 1461 33
445 1424 491 1461 cf.
521 1425 556 1461 7.
590 1425 624 1461 1.
707 1423 758 1460 39
789 1424 807 1459 1
844 1423 890 1460 cf.
924 1423 1083 1460 Wessn.
1115 1434 1208 1469 app.
1291 1424 1344 1461 40
1370 1424 1416 1460 cf.
1450 1424 1484 1459 1.
1513 1425 1550 1461 5.

311 1486 363 1523 43
447 1486 465 1522 1
496 1483 548 1534 -Ι-
578 1485 601 1522 3
631 1495 655 1520 α
698 1495 825 1521 unum
869 1486 1065 1522 scholium
1103 1487 1295 1533 efficiunt,
1333 1487 1372 1522 in
1414 1496 1493 1531 quo
1529 1487 1703 1523 breviter
1736 1486 1946 1531 repetitur,
1971 1484 2078 1529 quod

390 1548 573 1584 Donatus
614 1548 778 1583 dederat
820 1547 858 1583 in
903 1548 948 1592 3;
978 1548 1002 1585 2
1029 1551 1070 1585 et
1096 1549 1131 1593 3,
1162 1559 1185 1585 a
1215 1549 1434 1586 Wessnero
1460 1549 1663 1585 inclinatis
1691 1549 1837 1585 litteris
1867 1556 2076 1593 expressa,

391 1610 572 1646 Donatea
601 1610 709 1645 sunt.

310 1672 362 1709 49
446 1674 479 1709 1.
510 1672 534 1709 2
560 1671 665 1707 rhet.
749 1670 773 1708 3
802 1672 1010 1711 semirhet.
1039 1672 1199 1709 Donati.
1281 1673 1332 1710 50
1360 1673 1385 1709 2
1413 1673 1536 1709 schol.
1568 1673 1672 1709 rhet.
1703 1673 1904 1709 mutilum.

309 1735 360 1771 55
445 1734 464 1770 1
496 1734 679 1770 Donatus
707 1735 778 1769 aut
803 1732 906 1769 alius
932 1733 1120 1778 repetivit
1144 1734 1207 1771 28.
1235 1734 1269 1770 1.
1354 1734 1517 1771 2501101.
1533 1734 1636 1770 rhet.
1653 1733 1826 1770 fortasse
1841 1733 2076 1779 genuinum.

311 1797 359 1833 57
447 1796 465 1831 1
496 1795 599 1834 rhet.
680 1796 704 1831 4
734 1805 758 1830 α
787 1795 946 1830 notavit
975 1794 1139 1832 Wessn.

309 1859 359 1895 58
442 1859 490 1894 de
531 1858 696 1894 scholiis
739 1857 785 1893 ad
825 1857 934 1892 hunc
973 1866 1137 1893 versum
1172 1858 1260 1893 vide
1289 1867 1381 1902 app.
1411 1857 1640 1902 Wessneri;
1671 1859 1712 1894 et
1741 1859 1951 1903 praeterea
1977 1858 2074 1894 diss.

391 1920 659 1964 Steinmanni,
694 1920 741 1956 de
770 1919 870 1955 artis
899 1921 1005 1964 poet.
1037 1921 1116 1955 vet.
1151 1921 1267 1964 parte
1296 1923 1377 1964 περὶ
1411 1922 1526 1964 ἠθῶν,
1557 1919 1778 1965 Gottingae
1808 1920 1907 1958 1907
1937 1930 1975 1966 p.
2004 1920 2074 1958 73:

390 1983 446 2023 de,
465 1982 650 2027 personis
674 1982 714 2017 in
738 1981 898 2026 Hecyra
920 1981 1091 2017 diversis
1116 1982 1165 2018 ab
1190 1981 1359 2018 aliarum
1385 1982 1613 2018 fabularum
1639 1982 1836 2028 personis.
1869 1974 1877 1980 ¹
1919 1983 1944 2020 2
1961 1982 2076 2019 iuxta

389 2044 487 2080 Don.
520 2044 539 2080 1
571 2044 641 2080 sed
671 2044 807 2079 minus
838 2042 1015 2088 plenum.
1450 2057 1453 2059 ·

310 2106 360 2142 59
443 2106 466 2142 3
496 2107 573 2141 An.
600 2106 689 2142 460.
723 2106 755 2141 1.
786 2105 855 2142 Ph.
886 2105 948 2142 76.
979 2105 1014 2142 2.
1533 2123 1535 2125 ·

309 2168 361 2204 60
440 2167 476 2203 2.
507 2167 530 2204 3
559 2167 605 2204 cf.
636 2169 712 2203 An.
736 2168 829 2216 489.
861 2167 905 2211 2;
935 2166 1007 2202 Ph.
1040 2167 1126 2204 143.
1157 2167 1191 2204 2.
1221 2169 1341 2213 Eugr.
1372 2169 1418 2204 ad
1448 2169 1543 2206 Hec.
1573 2170 1635 2214 60,
1665 2170 1715 2205 ad
1749 2169 1849 2205 Eun.
1879 2168 1968 2206 397.

309 2230 360 2266 63
442 2229 466 2266 2
494 2230 541 2265 cs.
570 2230 643 2265 Ad.
673 2229 762 2266 572.
792 2229 828 2265 2.
910 2230 934 2264 4
965 2231 1039 2265 An.
1071 2229 1158 2266 351.
1189 2230 1224 2267 3.
1310 2231 1333 2268 3
1357 2231 1433 2267 An.
1459 2232 1547 2269 679.
1574 2232 1610 2269 3.
1635 2232 1675 2267 et
1697 2231 1852 2269 adn.ad
1867 2231 1940 2267 Ad.
1955 2231 2018 2268 50.
2033 2229 2070 2267 3.

309 2292 360 2328 65
445 2292 464 2327 1
505 2290 650 2335 ‘quin’
691 2291 776 2328 127.
807 2291 842 2328 2.
876 2291 962 2328 150.
995 2292 1028 2327 1.
1059 2292 1160 2328 Eun.
1189 2293 1278 2331 842.
1398 2293 1421 2330 3
1451 2295 1525 2330 Ad.
1553 2294 1615 2332 90.
1651 2294 1682 2330 1.
1794 2293 1817 2331 3
1848 2303 1872 2329 a
1900 2292 2070 2329 notavit.

391 2353 566 2396 Wessn.‚
595 2363 714 2397 quem
743 2353 877 2390 confer
904 2353 944 2388 in
975 2363 1065 2398 app.

306 2416 357 2452 66
440 2415 464 2451 2
506 2415 756 2460 ‘perseverat
797 2415 837 2451 in
876 2415 1080 2459 allegoria’
1118 2417 1280 2461 respicit
1318 2417 1443 2454 schol.
1478 2419 1540 2456 65.
1570 2418 1611 2463 35
1642 2417 1733 2457 dein
1763 2417 1809 2454 cf.
1836 2417 1912 2453 An.
1941 2417 2004 2455 58.
2035 2417 2069 2454 1.

387 2476 410 2513 3
441 2486 465 2511 α
493 2477 653 2513 notavit
682 2477 859 2523 Wessn.‚
890 2477 979 2513 vide
1008 2477 1130 2513 schol.
1159 2479 1195 2516 6.
1278 2480 1301 2516 5
1331 2482 1371 2516 et
1400 2481 1422 2516 7
1452 2480 1570 2516 iuxta
1596 2481 1634 2516 4.
1664 2480 1686 2517 6
1712 2480 1830 2516 iuxta
1858 2479 1883 2516 2
1911 2479 1952 2515 et
1980 2478 2018 2516 3.

307 2539 355 2575 67
443 2539 462 2574 1
493 2539 539 2574 ct.
569 2539 618 2574 ad
648 2539 723 2574 An.
752 2539 816 2576 90.
846 2538 882 2575 2.
912 2538 983 2574 Pii.
1013 2539 1075 2576 80.
1105 2539 1141 2578 2.

309 2600 360 2636 68
445 2600 464 2635 1
496 2599 541 2635 cf.
573 2600 661 2637 240.
693 2600 727 2636 2.
813 2600 837 2637 2
865 2599 986 2645 paulo
1014 2600 1129 2637 aliter
1157 2602 1256 2637 Don.
1286 2603 1334 2638 ad
1362 2603 1462 2638 Eun.
1487 2603 1576 2641 240.
1602 2604 1649 2641 2:
1677 2603 1739 2640 ‘ad
1761 2603 2070 2649 exprimendum

386 2661 687 2698 immunitatem
717 2663 757 2698 et
785 2661 1018 2706 ignaviam'‚
1048 2663 1232 2706 quocirca
1261 2664 1474 2700 Sabbadini
1497 2675 1577 2701 non
1604 2665 1708 2702 male
1730 2660 1901 2702 coniecit
1917 2665 2073 2702 ‘immu-

389 2723 553 2769 nificos’‚
582 2724 687 2767 quod
716 2724 883 2760 verbum
913 2733 1066 2759 novum
1096 2725 1130 2760 si
1159 2726 1320 2770 spernis
1350 2726 1427 2771 legi
1455 2728 1594 2771 potest
1623 2728 1716 2763 ‘non
1745 2726 1985 2764 munificos'.

310 2784 359 2821 70
440 2785 474 2822 2.
505 2786 562 2822 sic
589 2785 786 2822 Thomas:
818 2786 862 2821 de
889 2786 1069 2831 pareilles
1095 2798 1195 2831 qens.
1280 2788 1303 2825 3
1328 2788 1402 2825 hoc
1427 2789 1625 2826 scholium
1649 2788 1786 2834 potius
1811 2789 1860 2825 ad
1883 2799 1920 2825 v.
1945 2789 1995 2827 74
2011 2797 2070 2833 sq.

388 2847 589 2891 pertinere
617 2847 799 2893 dixerim,
829 2848 897 2884 ubi
925 2849 1014 2885 vide
1042 2849 1192 2886 scholia
1220 2850 1243 2886 3
1272 2851 1312 2887 et
1339 2852 1376 2886 4.

311 2908 357 2943 71
441 2908 466 2944 2
493 2918 518 2944 α
546 2910 688 2946 contra
716 2909 816 2946 Don.
845 2909 882 2955 2,
912 2919 986 2946 nec
1015 2920 1170 2947 verum.

311 2970 359 3005 76
441 2970 465 3006 2
506 2970 546 3005 in
588 2971 733 3007 Mnem.
772 2971 823 3008 33
861 2972 991 3014 (1905)
1033 2981 1069 3016 p.
1100 2973 1174 3010 248
1205 2982 1263 3017 sq.
1294 2974 1342 3009 de
1371 2973 1446 3010 hoc
1475 2974 1627 3011 scholio
1656 2974 1755 3010 haec
1783 2974 1941 3020 scripsi,
1967 2982 2070 3019 quae

389 3031 518 3067 adhuc
547 3041 641 3068 vera
669 3032 768 3068 mihi
791 3033 1002 3069 videntur:
1029 3033 1259 3078 ‘Egregium
1284 3035 1519 3080 exemplum
1545 3036 1698 3080 scholii,
1724 3045 1804 3072 non
1821 3035 2073 3080 ineleganter
2146 3071 2147 3074 ,

388 3093 537 3139 scripti,
575 3094 643 3128 sed
682 3103 824 3129 revera
860 3093 949 3130 falsi
977 3103 1022 3130 ac
1051 3095 1191 3139 spurii.
1222 3096 1413 3132 Exhibuit
1440 3097 1521 3132 ludi
1554 3097 1749 3142 magister
1776 3097 1817 3132 in
1846 3107 1967 3133 usum
1995 3096 2069 3132 dis·

387 3153 608 3196 cipulorum
653 3155 751 3190 duas
794 3156 1066 3202 quaestiones,
1109 3156 1148 3192 in
1191 3157 1337 3201 quibus
1380 3158 1602 3194 tractandis
1643 3158 1793 3203 ingenii
1832 3159 1936 3195 vires
1971 3167 2069 3194 sane
