<?xml version="1.0" encoding="UTF-8"?>
<!DOCTYPE html PUBLIC "-//W3C//DTD XHTML 1.0 Transitional//EN"
    "http://www.w3.org/TR/xhtml1/DTD/xhtml1-transitional.dtd">
<html xmlns="http://www.w3.org/1999/xhtml" xml:lang="en" lang="en">
 <head>
  <title>
</title>
<meta http-equiv="Content-Type" content="text/html;charset=utf-8" />
  <meta name='ocr-system' content='tesseract 3.04.00' />
  <meta name='ocr-capabilities' content='ocr_page ocr_carea ocr_par ocr_line ocrx_word'/>
</head>
<body>
  <div class='ocr_page' id='page_1' title='image "./commentidonatian00donauoft/commentidonatian00donauoft_0651.png"; bbox 0 0 2242 3443; ppageno 0'>
   <div class='ocr_carea' id='block_1_1' title="bbox 0 1538 17 2006">
    <p class='ocr_par' dir='ltr' id='par_1_1' title="bbox 0 1538 17 2006">
     <span class='ocr_line' id='line_1_1' title="bbox 0 1538 17 2006; textangle 90"><span class='ocrx_word' id='word_1_1' title='bbox 6 1998 9 2006; x_wconf 80' lang='lat'><em>-</em></span> <span class='ocrx_word' id='word_1_2' title='bbox 15 1949 17 1959; x_wconf 38' lang='lat' dir='ltr'>A</span> <span class='ocrx_word' id='word_1_3' title='bbox 4 1843 17 1918; x_wconf 52' lang='lat'>:2¹:32-</span> <span class='ocrx_word' id='word_1_4' title='bbox 0 1757 17 1832; x_wconf 51' lang='lat' dir='ltr'>’uf-²</span> <span class='ocrx_word' id='word_1_5' title='bbox 0 1538 13 1743; x_wconf 43' lang='lat' dir='ltr'>menn-*7003</span> 
     </span>
    </p>
   </div>
   <div class='ocr_carea' id='block_1_2' title="bbox 0 134 23 1538">
    <p class='ocr_par' dir='ltr' id='par_1_2' title="bbox 0 134 23 1538">
     <span class='ocr_line' id='line_1_2' title="bbox 0 134 23 1538; textangle 90"><span class='ocrx_word' id='word_1_6' title='bbox 2 1531 3 1538; x_wconf 50' lang='lat'><em>⁴</em></span> <span class='ocrx_word' id='word_1_7' title='bbox 4 1510 12 1519; x_wconf 68' lang='grc' dir='ltr'>-ι</span> <span class='ocrx_word' id='word_1_8' title='bbox 4 1491 13 1502; x_wconf 70' lang='lat'>2</span> <span class='ocrx_word' id='word_1_9' title='bbox 1 1401 13 1483; x_wconf 51' lang='lat' dir='ltr'>Ax:</span> <span class='ocrx_word' id='word_1_10' title='bbox 2 1223 21 1400; x_wconf 42' lang='grc' dir='ltr'>ιζ’ταωεωᾼ</span> <span class='ocrx_word' id='word_1_11' title='bbox 0 790 21 1229; x_wconf 21' lang='lat' dir='ltr'>‘amm‘</span> <span class='ocrx_word' id='word_1_12' title='bbox 20 1178 21 1184; x_wconf 28' lang='lat'><em>⁴</em></span> <span class='ocrx_word' id='word_1_13' title='bbox 13 1118 23 1139; x_wconf 49' lang='lat' dir='ltr'>v.</span> <span class='ocrx_word' id='word_1_14' title='bbox 20 1103 21 1107; x_wconf 60' lang='lat'><em>„</em></span> <span class='ocrx_word' id='word_1_15' title='bbox 7 310 19 787; x_wconf 47' lang='lat' dir='ltr'>nnn—u———Q-qsffi—-n-s</span> <span class='ocrx_word' id='word_1_16' title='bbox 12 280 20 303; x_wconf 63' lang='lat'>⁴.—</span> <span class='ocrx_word' id='word_1_17' title='bbox 12 239 20 271; x_wconf 61' lang='lat'>&#39;—</span> <span class='ocrx_word' id='word_1_18' title='bbox 12 134 21 228; x_wconf 57' lang='lat' dir='ltr'>›mo-.—</span> 
     </span>
    </p>
   </div>
   <div class='ocr_carea' id='block_1_3' title="bbox 633 851 1379 1014">
    <p class='ocr_par' dir='ltr' id='par_1_3' title="bbox 633 851 1379 1014">
     <span class='ocr_line' id='line_1_3' title="bbox 633 851 1379 911; baseline 0.001 -1"><span class='ocrx_word' id='word_1_19' title='bbox 633 852 827 910; x_wconf 87' lang='lat' dir='ltr'>ADN</span> <span class='ocrx_word' id='word_1_20' title='bbox 840 851 1264 911; x_wconf 84' lang='lat' dir='ltr'>OTATION</span> <span class='ocrx_word' id='word_1_21' title='bbox 1270 852 1379 911; x_wconf 86' lang='lat' dir='ltr'>Es</span> 
     </span>
     <span class='ocr_line' id='line_1_4' title="bbox 961 974 1052 1014; baseline 0 0"><span class='ocrx_word' id='word_1_22' title='bbox 961 974 1052 1014; x_wconf 83' lang='lat' dir='ltr'>AD</span> 
     </span>
    </p>
   </div>
   <div class='ocr_carea' id='block_1_4' title="bbox 838 1093 1191 1144">
    <p class='ocr_par' dir='ltr' id='par_1_4' title="bbox 838 1093 1191 1144">
     <span class='ocr_line' id='line_1_5' title="bbox 838 1093 1191 1144; baseline -0.003 0"><span class='ocrx_word' id='word_1_23' title='bbox 838 1093 1191 1144; x_wconf 86' lang='lat' dir='ltr'>SCHOLIA</span> 
     </span>
    </p>
   </div>
   <div class='ocr_carea' id='block_1_5' title="bbox 835 1335 1189 1385">
    <p class='ocr_par' dir='ltr' id='par_1_5' title="bbox 835 1335 1189 1385">
     <span class='ocr_line' id='line_1_6' title="bbox 835 1335 1189 1385; baseline 0.006 -2"><span class='ocrx_word' id='word_1_24' title='bbox 835 1335 1189 1385; x_wconf 83' lang='lat' dir='ltr'>ADELPHI</span> 
     </span>
    </p>
   </div>
   <div class='ocr_carea' id='block_1_6' title="bbox 124 1481 1889 2949">
    <p class='ocr_par' dir='ltr' id='par_1_6' title="bbox 124 1481 1886 1775">
     <span class='ocr_line' id='line_1_7' title="bbox 181 1481 1884 1526; baseline 0.001 -10"><span class='ocrx_word' id='word_1_25' title='bbox 181 1482 234 1517; x_wconf 77' lang='lat' dir='ltr'>Ut</span> <span class='ocrx_word' id='word_1_26' title='bbox 259 1482 300 1516; x_wconf 94' lang='lat' dir='ltr'>in</span> <span class='ocrx_word' id='word_1_27' title='bbox 329 1481 669 1517; x_wconf 84' lang='lat' dir='ltr'>Adnotationibus</span> <span class='ocrx_word' id='word_1_28' title='bbox 698 1482 745 1516; x_wconf 89' lang='lat' dir='ltr'>ad</span> <span class='ocrx_word' id='word_1_29' title='bbox 775 1481 968 1517; x_wconf 80' lang='lat' dir='ltr'>Andriam</span> <span class='ocrx_word' id='word_1_30' title='bbox 998 1483 1038 1517; x_wconf 91' lang='lat' dir='ltr'>et</span> <span class='ocrx_word' id='word_1_31' title='bbox 1066 1481 1304 1517; x_wconf 86' lang='lat' dir='ltr'>Eunuchum</span> <span class='ocrx_word' id='word_1_32' title='bbox 1334 1481 1391 1518; x_wconf 81' lang='lat' dir='ltr'>ita</span> <span class='ocrx_word' id='word_1_33' title='bbox 1416 1492 1520 1517; x_wconf 90' lang='lat' dir='ltr'>nunc</span> <span class='ocrx_word' id='word_1_34' title='bbox 1545 1492 1702 1526; x_wconf 86' lang='lat' dir='ltr'>quoque</span> <span class='ocrx_word' id='word_1_35' title='bbox 1727 1481 1884 1517; x_wconf 90' lang='lat' dir='ltr'>initium</span> 
     </span>
     <span class='ocr_line' id='line_1_8' title="bbox 126 1542 1886 1588; baseline 0 -9"><span class='ocrx_word' id='word_1_36' title='bbox 126 1543 224 1580; x_wconf 86' lang='lat' dir='ltr'>facio</span> <span class='ocrx_word' id='word_1_37' title='bbox 254 1553 277 1578; x_wconf 89' lang='lat' dir='ltr'>a</span> <span class='ocrx_word' id='word_1_38' title='bbox 306 1542 525 1578; x_wconf 83' lang='lat' dir='ltr'>scholiis</span> <span class='ocrx_word' id='word_1_39' title='bbox 554 1543 838 1579; x_wconf 87' lang='lat' dir='ltr'>rhetoricis</span> <span class='ocrx_word' id='word_1_40' title='bbox 868 1544 915 1578; x_wconf 89' lang='lat' dir='ltr'>ad</span> <span class='ocrx_word' id='word_1_41' title='bbox 946 1543 1161 1588; x_wconf 80' lang='lat' dir='ltr'><strong>Adelphos,</strong></span> <span class='ocrx_word' id='word_1_42' title='bbox 1193 1544 1239 1579; x_wconf 92' lang='lat' dir='ltr'>de</span> <span class='ocrx_word' id='word_1_43' title='bbox 1264 1545 1350 1579; x_wconf 80' lang='lat' dir='ltr'>toto</span> <span class='ocrx_word' id='word_1_44' title='bbox 1374 1543 1449 1579; x_wconf 84' lang='lat' dir='ltr'>hoc</span> <span class='ocrx_word' id='word_1_45' title='bbox 1473 1544 1715 1580; x_wconf 81' lang='lat' dir='ltr'>scholiorum</span> <span class='ocrx_word' id='word_1_46' title='bbox 1741 1554 1886 1588; x_wconf 87' lang='lat' dir='ltr'>genere</span> 
     </span>
     <span class='ocr_line' id='line_1_9' title="bbox 124 1605 1885 1650; baseline 0 -10"><span class='ocrx_word' id='word_1_47' title='bbox 124 1606 163 1640; x_wconf 89' lang='lat' dir='ltr'>in</span> <span class='ocrx_word' id='word_1_48' title='bbox 192 1607 420 1641; x_wconf 89' lang='lat' dir='ltr'>commento</span> <span class='ocrx_word' id='word_1_49' title='bbox 447 1605 641 1641; x_wconf 89' lang='lat' dir='ltr'>lectorem</span> <span class='ocrx_word' id='word_1_50' title='bbox 669 1605 853 1649; x_wconf 80' lang='lat' dir='ltr'>relegans</span> <span class='ocrx_word' id='word_1_51' title='bbox 882 1606 928 1641; x_wconf 90' lang='lat' dir='ltr'>ad</span> <span class='ocrx_word' id='word_1_52' title='bbox 960 1614 1007 1641; x_wconf 88' lang='lat' dir='ltr'>ea</span> <span class='ocrx_word' id='word_1_53' title='bbox 1035 1615 1135 1649; x_wconf 85' lang='lat' dir='ltr'>quae</span> <span class='ocrx_word' id='word_1_54' title='bbox 1164 1606 1325 1650; x_wconf 79' lang='lat' dir='ltr'>copiose</span> <span class='ocrx_word' id='word_1_55' title='bbox 1353 1606 1553 1649; x_wconf 80' lang='lat' dir='ltr'>disputavi</span> <span class='ocrx_word' id='word_1_56' title='bbox 1577 1606 1615 1641; x_wconf 91' lang='lat' dir='ltr'>in</span> <span class='ocrx_word' id='word_1_57' title='bbox 1641 1606 1784 1642; x_wconf 88' lang='lat' dir='ltr'>Mnem.</span> <span class='ocrx_word' id='word_1_58' title='bbox 1809 1606 1885 1642; x_wconf 91' lang='lat' dir='ltr'>vol.</span> 
     </span>
     <span class='ocr_line' id='line_1_10' title="bbox 126 1666 1886 1712; baseline -0.001 -8"><span class='ocrx_word' id='word_1_59' title='bbox 126 1666 176 1704; x_wconf 86' lang='lat'>33</span> <span class='ocrx_word' id='word_1_60' title='bbox 218 1676 252 1702; x_wconf 88' lang='lat' dir='ltr'>a.</span> <span class='ocrx_word' id='word_1_61' title='bbox 298 1666 410 1712; x_wconf 90' lang='lat'>1905,</span> <span class='ocrx_word' id='word_1_62' title='bbox 453 1677 633 1711; x_wconf 86' lang='lat' dir='ltr'>quaeque</span> <span class='ocrx_word' id='word_1_63' title='bbox 671 1667 762 1703; x_wconf 90' lang='lat' dir='ltr'>inde</span> <span class='ocrx_word' id='word_1_64' title='bbox 800 1667 972 1703; x_wconf 81' lang='lat' dir='ltr'>breviter</span> <span class='ocrx_word' id='word_1_65' title='bbox 1010 1667 1149 1704; x_wconf 89' lang='lat' dir='ltr'>rettuli</span> <span class='ocrx_word' id='word_1_66' title='bbox 1186 1668 1225 1702; x_wconf 87' lang='lat' dir='ltr'>in</span> <span class='ocrx_word' id='word_1_67' title='bbox 1264 1667 1384 1703; x_wconf 90' lang='lat' dir='ltr'>huius</span> <span class='ocrx_word' id='word_1_68' title='bbox 1423 1668 1609 1704; x_wconf 87' lang='lat' dir='ltr'>editionis</span> <span class='ocrx_word' id='word_1_69' title='bbox 1638 1668 1839 1704; x_wconf 87' lang='lat' dir='ltr'>volumine</span> <span class='ocrx_word' id='word_1_70' title='bbox 1868 1668 1886 1703; x_wconf 90' lang='grc' dir='ltr'>Ι</span> 
     </span>
     <span class='ocr_line' id='line_1_11' title="bbox 126 1728 360 1775; baseline 0 -10"><span class='ocrx_word' id='word_1_71' title='bbox 126 1739 164 1775; x_wconf 89' lang='lat' dir='ltr'>p.</span> <span class='ocrx_word' id='word_1_72' title='bbox 196 1728 271 1765; x_wconf 89' lang='lat'>239</span> <span class='ocrx_word' id='word_1_73' title='bbox 301 1739 360 1773; x_wconf 88' lang='lat' dir='ltr'>sq.</span> 
     </span>
    </p>

    <p class='ocr_par' dir='ltr' id='par_1_7' title="bbox 124 1790 1887 2332">
     <span class='ocr_line' id='line_1_12' title="bbox 178 1790 1884 1836; baseline 0 -9"><span class='ocrx_word' id='word_1_74' title='bbox 178 1792 234 1827; x_wconf 90' lang='lat' dir='ltr'>De</span> <span class='ocrx_word' id='word_1_75' title='bbox 271 1791 460 1836; x_wconf 87' lang='lat' dir='ltr'>Adelphis</span> <span class='ocrx_word' id='word_1_76' title='bbox 495 1801 559 1828; x_wconf 86' lang='lat' dir='ltr'>res</span> <span class='ocrx_word' id='word_1_77' title='bbox 591 1792 728 1835; x_wconf 86' lang='lat' dir='ltr'>paucis</span> <span class='ocrx_word' id='word_1_78' title='bbox 757 1791 889 1828; x_wconf 86' lang='lat' dir='ltr'>verbis</span> <span class='ocrx_word' id='word_1_79' title='bbox 919 1791 1154 1827; x_wconf 80' lang='lat' dir='ltr'>absolvitur.</span> <span class='ocrx_word' id='word_1_80' title='bbox 1183 1790 1324 1827; x_wconf 86' lang='lat' dir='ltr'>Differt</span> <span class='ocrx_word' id='word_1_81' title='bbox 1354 1791 1474 1827; x_wconf 87' lang='lat' dir='ltr'>huius</span> <span class='ocrx_word' id='word_1_82' title='bbox 1503 1791 1658 1828; x_wconf 86' lang='lat' dir='ltr'>fabulae</span> <span class='ocrx_word' id='word_1_83' title='bbox 1688 1801 1884 1828; x_wconf 84' lang='lat' dir='ltr'>commen-</span> 
     </span>
     <span class='ocr_line' id='line_1_13' title="bbox 126 1853 1887 1899; baseline 0 -10"><span class='ocrx_word' id='word_1_84' title='bbox 126 1855 214 1890; x_wconf 89' lang='lat' dir='ltr'>tum</span> <span class='ocrx_word' id='word_1_85' title='bbox 253 1863 276 1889; x_wconf 88' lang='lat' dir='ltr'>a</span> <span class='ocrx_word' id='word_1_86' title='bbox 305 1854 449 1889; x_wconf 87' lang='lat' dir='ltr'>ceteris</span> <span class='ocrx_word' id='word_1_87' title='bbox 478 1853 517 1888; x_wconf 91' lang='lat' dir='ltr'>in</span> <span class='ocrx_word' id='word_1_88' title='bbox 544 1862 604 1899; x_wconf 89' lang='lat' dir='ltr'>eo,</span> <span class='ocrx_word' id='word_1_89' title='bbox 634 1854 738 1897; x_wconf 93' lang='lat' dir='ltr'>quod</span> <span class='ocrx_word' id='word_1_90' title='bbox 766 1853 1141 1897; x_wconf 82' lang='lat' dir='ltr'>magistrorum</span> <span class='ocrx_word' id='word_1_91' title='bbox 1172 1853 1323 1889; x_wconf 85' lang='lat' dir='ltr'>scholia</span> <span class='ocrx_word' id='word_1_92' title='bbox 1352 1863 1444 1889; x_wconf 91' lang='lat' dir='ltr'>vere</span> <span class='ocrx_word' id='word_1_93' title='bbox 1472 1863 1659 1897; x_wconf 88' lang='lat' dir='ltr'>mereque</span> <span class='ocrx_word' id='word_1_94' title='bbox 1689 1853 1887 1889; x_wconf 87' lang='lat' dir='ltr'>rhetorica</span> 
     </span>
     <span class='ocr_line' id='line_1_14' title="bbox 125 1914 1886 1960; baseline 0 -9"><span class='ocrx_word' id='word_1_95' title='bbox 125 1916 173 1951; x_wconf 87' lang='lat' dir='ltr'>ad</span> <span class='ocrx_word' id='word_1_96' title='bbox 211 1915 423 1960; x_wconf 86' lang='lat' dir='ltr'>prologum</span> <span class='ocrx_word' id='word_1_97' title='bbox 458 1914 569 1950; x_wconf 89' lang='lat' dir='ltr'>nulla</span> <span class='ocrx_word' id='word_1_98' title='bbox 607 1916 706 1950; x_wconf 84' lang='lat' dir='ltr'>sunt</span> <span class='ocrx_word' id='word_1_99' title='bbox 742 1916 782 1950; x_wconf 88' lang='lat' dir='ltr'>et</span> <span class='ocrx_word' id='word_1_100' title='bbox 821 1915 867 1950; x_wconf 88' lang='lat' dir='ltr'>ad</span> <span class='ocrx_word' id='word_1_101' title='bbox 897 1915 1090 1958; x_wconf 86' lang='lat' dir='ltr'>reliquam</span> <span class='ocrx_word' id='word_1_102' title='bbox 1118 1915 1293 1950; x_wconf 85' lang='lat' dir='ltr'>fabulam</span> <span class='ocrx_word' id='word_1_103' title='bbox 1326 1924 1452 1959; x_wconf 86' lang='lat' dir='ltr'>pauca</span> <span class='ocrx_word' id='word_1_104' title='bbox 1481 1916 1520 1950; x_wconf 86' lang='lat' dir='ltr'>et</span> <span class='ocrx_word' id='word_1_105' title='bbox 1550 1915 1749 1958; x_wconf 83' lang='lat' dir='ltr'>dispersa;</span> <span class='ocrx_word' id='word_1_106' title='bbox 1781 1925 1886 1960; x_wconf 89' lang='lat' dir='ltr'>repe-</span> 
     </span>
     <span class='ocr_line' id='line_1_15' title="bbox 125 1976 1886 2022; baseline 0.001 -10"><span class='ocrx_word' id='word_1_107' title='bbox 125 1977 286 2012; x_wconf 89' lang='lat' dir='ltr'>riuntur</span> <span class='ocrx_word' id='word_1_108' title='bbox 322 1977 385 2012; x_wconf 89' lang='lat' dir='ltr'>his</span> <span class='ocrx_word' id='word_1_109' title='bbox 424 1977 540 2013; x_wconf 88' lang='lat' dir='ltr'>locis:</span> <span class='ocrx_word' id='word_1_110' title='bbox 576 1977 638 2013; x_wconf 89' lang='lat'>74.</span> <span class='ocrx_word' id='word_1_111' title='bbox 672 1977 704 2020; x_wconf 85' lang='lat'>1,</span> <span class='ocrx_word' id='word_1_112' title='bbox 735 1977 796 2013; x_wconf 86' lang='lat'>76.</span> <span class='ocrx_word' id='word_1_113' title='bbox 830 1977 862 2022; x_wconf 88' lang='lat'>1,</span> <span class='ocrx_word' id='word_1_114' title='bbox 892 1976 954 2022; x_wconf 88' lang='lat'>91,</span> <span class='ocrx_word' id='word_1_115' title='bbox 989 1977 1073 2013; x_wconf 92' lang='lat'>117.</span> <span class='ocrx_word' id='word_1_116' title='bbox 1105 1977 1140 2022; x_wconf 92' lang='lat'>2,</span> <span class='ocrx_word' id='word_1_117' title='bbox 1174 1977 1260 2020; x_wconf 83' lang='lat'>145,</span> <span class='ocrx_word' id='word_1_118' title='bbox 1294 1977 1379 2013; x_wconf 89' lang='lat'>156.</span> <span class='ocrx_word' id='word_1_119' title='bbox 1412 1977 1447 2021; x_wconf 87' lang='grc'>5,</span> <span class='ocrx_word' id='word_1_120' title='bbox 1478 1977 1566 2013; x_wconf 91' lang='grc'><strong>272.</strong></span> <span class='ocrx_word' id='word_1_121' title='bbox 1597 1977 1632 2021; x_wconf 90' lang='grc'>3,</span> <span class='ocrx_word' id='word_1_122' title='bbox 1664 1977 1750 2013; x_wconf 93' lang='grc'><strong>291.</strong></span> <span class='ocrx_word' id='word_1_123' title='bbox 1783 1977 1819 2013; x_wconf 89' lang='lat'>5.</span> <span class='ocrx_word' id='word_1_124' title='bbox 1850 1977 1886 2021; x_wconf 91' lang='lat'>7,</span> 
     </span>
     <span class='ocr_line' id='line_1_16' title="bbox 127 2038 1885 2085; baseline 0 -10"><span class='ocrx_word' id='word_1_125' title='bbox 127 2038 214 2075; x_wconf 92' lang='lat'>315.</span> <span class='ocrx_word' id='word_1_126' title='bbox 262 2041 296 2084; x_wconf 93' lang='lat'>1,</span> <span class='ocrx_word' id='word_1_127' title='bbox 341 2039 428 2076; x_wconf 88' lang='lat'>316.</span> <span class='ocrx_word' id='word_1_128' title='bbox 475 2041 508 2083; x_wconf 89' lang='lat'>1,</span> <span class='ocrx_word' id='word_1_129' title='bbox 550 2039 639 2075; x_wconf 87' lang='lat'>483.</span> <span class='ocrx_word' id='word_1_130' title='bbox 686 2039 721 2083; x_wconf 87' lang='lat'>1,</span> <span class='ocrx_word' id='word_1_131' title='bbox 757 2038 845 2075; x_wconf 87' lang='lat'>494.</span> <span class='ocrx_word' id='word_1_132' title='bbox 887 2038 922 2083; x_wconf 86' lang='lat'>3,</span> <span class='ocrx_word' id='word_1_133' title='bbox 962 2038 1050 2075; x_wconf 88' lang='lat'>601.</span> <span class='ocrx_word' id='word_1_134' title='bbox 1093 2039 1125 2084; x_wconf 93' lang='lat'>1,</span> <span class='ocrx_word' id='word_1_135' title='bbox 1165 2038 1252 2075; x_wconf 91' lang='grc'><strong>685.</strong></span> <span class='ocrx_word' id='word_1_136' title='bbox 1295 2041 1329 2083; x_wconf 90' lang='grc'>1,</span> <span class='ocrx_word' id='word_1_137' title='bbox 1360 2038 1446 2075; x_wconf 90' lang='grc'><strong>688.</strong></span> <span class='ocrx_word' id='word_1_138' title='bbox 1477 2039 1512 2084; x_wconf 92' lang='grc'>2,</span> <span class='ocrx_word' id='word_1_139' title='bbox 1544 2039 1631 2075; x_wconf 92' lang='grc'><strong>929.</strong></span> <span class='ocrx_word' id='word_1_140' title='bbox 1665 2038 1700 2085; x_wconf 97' lang='grc'>2,</span> <span class='ocrx_word' id='word_1_141' title='bbox 1731 2038 1819 2075; x_wconf 86' lang='grc'><strong>938.</strong></span> <span class='ocrx_word' id='word_1_142' title='bbox 1851 2039 1885 2075; x_wconf 91' lang='grc'>2.</span> 
     </span>
     <span class='ocr_line' id='line_1_17' title="bbox 124 2100 1886 2145; baseline 0 -9"><span class='ocrx_word' id='word_1_143' title='bbox 124 2101 262 2145; x_wconf 88' lang='lat' dir='ltr'>Ipsius</span> <span class='ocrx_word' id='word_1_144' title='bbox 300 2101 487 2137; x_wconf 88' lang='lat' dir='ltr'>Donati</span> <span class='ocrx_word' id='word_1_145' title='bbox 525 2101 678 2137; x_wconf 89' lang='lat' dir='ltr'>scholia</span> <span class='ocrx_word' id='word_1_146' title='bbox 715 2101 915 2137; x_wconf 82' lang='lat' dir='ltr'>rhetorica</span> <span class='ocrx_word' id='word_1_147' title='bbox 943 2101 1206 2137; x_wconf 83' lang='lat' dir='ltr'>inveniuntur</span> <span class='ocrx_word' id='word_1_148' title='bbox 1236 2102 1374 2136; x_wconf 88' lang='lat' dir='ltr'>eodem</span> <span class='ocrx_word' id='word_1_149' title='bbox 1404 2100 1484 2136; x_wconf 86' lang='lat' dir='ltr'>fere</span> <span class='ocrx_word' id='word_1_150' title='bbox 1512 2110 1681 2136; x_wconf 89' lang='lat' dir='ltr'>numero</span> <span class='ocrx_word' id='word_1_151' title='bbox 1710 2102 1886 2144; x_wconf 84' lang='lat' dir='ltr'>suntque</span> 
     </span>
     <span class='ocr_line' id='line_1_18' title="bbox 124 2161 1886 2208; baseline 0.001 -11"><span class='ocrx_word' id='word_1_152' title='bbox 124 2162 246 2207; x_wconf 83' lang='lat' dir='ltr'>vulgo</span> <span class='ocrx_word' id='word_1_153' title='bbox 285 2162 589 2198; x_wconf 86' lang='lat' dir='ltr'>semirhetorica</span> <span class='ocrx_word' id='word_1_154' title='bbox 626 2163 648 2201; x_wconf 93' lang='lat' dir='ltr'>i.</span> <span class='ocrx_word' id='word_1_155' title='bbox 679 2173 725 2206; x_wconf 91' lang='lat' dir='ltr'>e.‚</span> <span class='ocrx_word' id='word_1_156' title='bbox 753 2163 1131 2207; x_wconf 80' lang='lat' dir='ltr'>interpretationem</span> <span class='ocrx_word' id='word_1_157' title='bbox 1160 2162 1406 2207; x_wconf 79' lang='lat' dir='ltr'>spectantia:</span> <span class='ocrx_word' id='word_1_158' title='bbox 1439 2162 1501 2198; x_wconf 91' lang='lat'>53.</span> <span class='ocrx_word' id='word_1_159' title='bbox 1534 2164 1568 2207; x_wconf 93' lang='lat'>1,</span> <span class='ocrx_word' id='word_1_160' title='bbox 1597 2162 1658 2198; x_wconf 93' lang='grc'>86.</span> <span class='ocrx_word' id='word_1_161' title='bbox 1690 2163 1725 2206; x_wconf 89' lang='grc'>2,</span> <span class='ocrx_word' id='word_1_162' title='bbox 1756 2161 1817 2198; x_wconf 89' lang='grc'>90.</span> <span class='ocrx_word' id='word_1_163' title='bbox 1849 2162 1886 2208; x_wconf 88' lang='lat'>3,</span> 
     </span>
     <span class='ocr_line' id='line_1_19' title="bbox 130 2222 1887 2270; baseline -0.001 -9"><span class='ocrx_word' id='word_1_164' title='bbox 130 2222 216 2261; x_wconf 88' lang='grc'><strong>156.</strong></span> <span class='ocrx_word' id='word_1_165' title='bbox 246 2224 282 2269; x_wconf 88' lang='grc'><strong>2,</strong></span> <span class='ocrx_word' id='word_1_166' title='bbox 314 2223 401 2260; x_wconf 87' lang='lat'>330.</span> <span class='ocrx_word' id='word_1_167' title='bbox 433 2224 468 2270; x_wconf 89' lang='lat'>2,</span> <span class='ocrx_word' id='word_1_168' title='bbox 498 2224 588 2261; x_wconf 86' lang='lat'>481.</span> <span class='ocrx_word' id='word_1_169' title='bbox 618 2225 653 2269; x_wconf 88' lang='grc'>2,</span> <span class='ocrx_word' id='word_1_170' title='bbox 681 2224 769 2261; x_wconf 86' lang='grc'><strong>494.</strong></span> <span class='ocrx_word' id='word_1_171' title='bbox 803 2227 836 2270; x_wconf 93' lang='grc'>1,</span> <span class='ocrx_word' id='word_1_172' title='bbox 869 2224 955 2260; x_wconf 90' lang='grc'><strong>685.</strong></span> <span class='ocrx_word' id='word_1_173' title='bbox 986 2224 1024 2269; x_wconf 89' lang='grc'>4,</span> <span class='ocrx_word' id='word_1_174' title='bbox 1055 2223 1143 2270; x_wconf 90' lang='grc'><strong>806,</strong></span> <span class='ocrx_word' id='word_1_175' title='bbox 1175 2224 1262 2270; x_wconf 79' lang='grc'><strong>863,</strong></span> <span class='ocrx_word' id='word_1_176' title='bbox 1292 2224 1380 2260; x_wconf 87' lang='grc'><strong>929.</strong></span> <span class='ocrx_word' id='word_1_177' title='bbox 1415 2224 1448 2270; x_wconf 94' lang='grc'>1,</span> <span class='ocrx_word' id='word_1_178' title='bbox 1478 2223 1565 2260; x_wconf 90' lang='grc'><strong>996.</strong></span> <span class='ocrx_word' id='word_1_179' title='bbox 1596 2224 1668 2259; x_wconf 89' lang='lat' dir='ltr'>His</span> <span class='ocrx_word' id='word_1_180' title='bbox 1695 2225 1887 2260; x_wconf 87' lang='lat' dir='ltr'>accedunt</span> 
     </span>
     <span class='ocr_line' id='line_1_20' title="bbox 125 2285 1684 2332; baseline -0.001 -10"><span class='ocrx_word' id='word_1_181' title='bbox 125 2285 361 2330; x_wconf 89' lang='lat' dir='ltr'>simpliciter</span> <span class='ocrx_word' id='word_1_182' title='bbox 388 2286 588 2322; x_wconf 88' lang='lat' dir='ltr'>rhetorica</span> <span class='ocrx_word' id='word_1_183' title='bbox 620 2286 706 2322; x_wconf 92' lang='lat'>115.</span> <span class='ocrx_word' id='word_1_184' title='bbox 737 2286 760 2322; x_wconf 93' lang='grc'><strong>2</strong></span> <span class='ocrx_word' id='word_1_185' title='bbox 789 2288 829 2322; x_wconf 91' lang='lat' dir='ltr'>et</span> <span class='ocrx_word' id='word_1_186' title='bbox 857 2287 905 2322; x_wconf 89' lang='lat' dir='ltr'>ad</span> <span class='ocrx_word' id='word_1_187' title='bbox 935 2296 1169 2322; x_wconf 85' lang='lat' dir='ltr'>scaenarum</span> <span class='ocrx_word' id='word_1_188' title='bbox 1203 2286 1317 2322; x_wconf 87' lang='lat' dir='ltr'>initia</span> <span class='ocrx_word' id='word_1_189' title='bbox 1347 2285 1434 2322; x_wconf 89' lang='lat'>254.</span> <span class='ocrx_word' id='word_1_190' title='bbox 1468 2286 1500 2332; x_wconf 91' lang='lat'>1,</span> <span class='ocrx_word' id='word_1_191' title='bbox 1531 2285 1617 2322; x_wconf 90' lang='lat'>288.</span> <span class='ocrx_word' id='word_1_192' title='bbox 1650 2286 1684 2322; x_wconf 89' lang='grc'><strong>3.</strong></span> 
     </span>
    </p>

    <p class='ocr_par' dir='ltr' id='par_1_8' title="bbox 124 2347 1889 2890">
     <span class='ocr_line' id='line_1_21' title="bbox 178 2347 1887 2393; baseline 0 -10"><span class='ocrx_word' id='word_1_193' title='bbox 178 2347 345 2392; x_wconf 86' lang='lat' dir='ltr'>Reliqua</span> <span class='ocrx_word' id='word_1_194' title='bbox 386 2348 666 2393; x_wconf 86' lang='lat' dir='ltr'>Adelphorum</span> <span class='ocrx_word' id='word_1_195' title='bbox 704 2348 855 2384; x_wconf 91' lang='lat' dir='ltr'>scholia</span> <span class='ocrx_word' id='word_1_196' title='bbox 892 2349 950 2384; x_wconf 90' lang='lat' dir='ltr'>ad</span> <span class='ocrx_word' id='word_1_197' title='bbox 990 2357 1294 2384; x_wconf 86' lang='lat' dir='ltr'>scaenarum</span> <span class='ocrx_word' id='word_1_198' title='bbox 1324 2348 1479 2383; x_wconf 88' lang='lat' dir='ltr'>initia</span> <span class='ocrx_word' id='word_1_199' title='bbox 1509 2350 1625 2392; x_wconf 87' lang='lat' dir='ltr'>(quae</span> <span class='ocrx_word' id='word_1_200' title='bbox 1652 2348 1887 2392; x_wconf 86' lang='lat' dir='ltr'>principalia</span> 
     </span>
     <span class='ocr_line' id='line_1_22' title="bbox 124 2409 1887 2455; baseline 0 -10"><span class='ocrx_word' id='word_1_201' title='bbox 124 2410 344 2454; x_wconf 88' lang='lat' dir='ltr'>nominavi)</span> <span class='ocrx_word' id='word_1_202' title='bbox 382 2410 602 2446; x_wconf 79' lang='lat' dir='ltr'>maximam</span> <span class='ocrx_word' id='word_1_203' title='bbox 641 2412 796 2455; x_wconf 88' lang='lat' dir='ltr'>partem</span> <span class='ocrx_word' id='word_1_204' title='bbox 835 2410 972 2454; x_wconf 85' lang='lat' dir='ltr'>generi</span> <span class='ocrx_word' id='word_1_205' title='bbox 998 2409 1199 2446; x_wconf 87' lang='lat' dir='ltr'>rhetorico</span> <span class='ocrx_word' id='word_1_206' title='bbox 1230 2420 1387 2454; x_wconf 87' lang='lat' dir='ltr'>quoque</span> <span class='ocrx_word' id='word_1_207' title='bbox 1416 2410 1672 2446; x_wconf 88' lang='lat' dir='ltr'>adnumerari</span> <span class='ocrx_word' id='word_1_208' title='bbox 1701 2412 1887 2455; x_wconf 86' lang='lat' dir='ltr'>possunt,</span> 
     </span>
     <span class='ocr_line' id='line_1_23' title="bbox 125 2471 1884 2517; baseline -0.001 -9"><span class='ocrx_word' id='word_1_209' title='bbox 125 2473 195 2508; x_wconf 92' lang='lat' dir='ltr'>sed</span> <span class='ocrx_word' id='word_1_210' title='bbox 211 2472 483 2508; x_wconf 87' lang='lat' dir='ltr'>tamenhuius</span> <span class='ocrx_word' id='word_1_211' title='bbox 508 2472 718 2517; x_wconf 91' lang='lat' dir='ltr'>speciem</span> <span class='ocrx_word' id='word_1_212' title='bbox 742 2471 921 2507; x_wconf 73' lang='lat' dir='ltr'>referunt</span> <span class='ocrx_word' id='word_1_213' title='bbox 945 2471 1062 2507; x_wconf 91' lang='lat' dir='ltr'>huic</span> <span class='ocrx_word' id='word_1_214' title='bbox 1089 2471 1296 2507; x_wconf 83' lang='lat' dir='ltr'>fabulae</span> <span class='ocrx_word' id='word_1_215' title='bbox 1326 2481 1545 2517; x_wconf 89' lang='lat' dir='ltr'>prorsus</span> <span class='ocrx_word' id='word_1_216' title='bbox 1571 2471 1884 2516; x_wconf 88' lang='lat' dir='ltr'>peculiarem</span> 
     </span>
     <span class='ocr_line' id='line_1_24' title="bbox 127 2532 1888 2577; baseline -0.002 -7"><span class='ocrx_word' id='word_1_217' title='bbox 127 2535 167 2570; x_wconf 89' lang='lat' dir='ltr'>et</span> <span class='ocrx_word' id='word_1_218' title='bbox 202 2533 244 2569; x_wconf 89' lang='lat' dir='ltr'>in</span> <span class='ocrx_word' id='word_1_219' title='bbox 273 2533 360 2570; x_wconf 87' lang='lat' dir='ltr'>aliis</span> <span class='ocrx_word' id='word_1_220' title='bbox 389 2544 479 2570; x_wconf 90' lang='lat' dir='ltr'>raro</span> <span class='ocrx_word' id='word_1_221' title='bbox 508 2536 669 2570; x_wconf 87' lang='lat' dir='ltr'>tantum</span> <span class='ocrx_word' id='word_1_222' title='bbox 700 2534 859 2570; x_wconf 89' lang='lat' dir='ltr'>obviam</span> <span class='ocrx_word' id='word_1_223' title='bbox 888 2533 1029 2575; x_wconf 83' lang='lat' dir='ltr'>(veluti</span> <span class='ocrx_word' id='word_1_224' title='bbox 1058 2534 1107 2570; x_wconf 88' lang='lat' dir='ltr'>ad</span> <span class='ocrx_word' id='word_1_225' title='bbox 1136 2533 1330 2569; x_wconf 87' lang='lat' dir='ltr'>Andriam</span> <span class='ocrx_word' id='word_1_226' title='bbox 1358 2532 1447 2570; x_wconf 87' lang='lat'>820.</span> <span class='ocrx_word' id='word_1_227' title='bbox 1481 2533 1515 2575; x_wconf 94' lang='lat'>1)</span> <span class='ocrx_word' id='word_1_228' title='bbox 1526 2544 1534 2577; x_wconf 91' lang='lat'>;</span> <span class='ocrx_word' id='word_1_229' title='bbox 1568 2534 1711 2569; x_wconf 85' lang='lat' dir='ltr'>docent</span> <span class='ocrx_word' id='word_1_230' title='bbox 1739 2532 1888 2568; x_wconf 87' lang='lat' dir='ltr'>scilicet</span> 
     </span>
     <span class='ocr_line' id='line_1_25' title="bbox 126 2594 1887 2640; baseline -0.001 -9"><span class='ocrx_word' id='word_1_231' title='bbox 126 2603 166 2639; x_wconf 82' lang='lat' dir='ltr'>in</span> <span class='ocrx_word' id='word_1_232' title='bbox 203 2595 280 2631; x_wconf 88' lang='lat' dir='ltr'>illis</span> <span class='ocrx_word' id='word_1_233' title='bbox 318 2597 473 2632; x_wconf 83' lang='lat' dir='ltr'>scaenis</span> <span class='ocrx_word' id='word_1_234' title='bbox 511 2595 682 2631; x_wconf 87' lang='lat' dir='ltr'>inveniri</span> <span class='ocrx_word' id='word_1_235' title='bbox 719 2595 958 2640; x_wconf 84' lang='lat' dir='ltr'>exempla</span> <span class='ocrx_word' id='word_1_236' title='bbox 995 2596 1179 2638; x_wconf 87' lang='lat' dir='ltr'>ethica,</span> <span class='ocrx_word' id='word_1_237' title='bbox 1209 2605 1349 2631; x_wconf 91' lang='lat' dir='ltr'>eorum</span> <span class='ocrx_word' id='word_1_238' title='bbox 1379 2596 1418 2630; x_wconf 92' lang='lat' dir='ltr'>in</span> <span class='ocrx_word' id='word_1_239' title='bbox 1449 2605 1569 2630; x_wconf 89' lang='lat' dir='ltr'>usum</span> <span class='ocrx_word' id='word_1_240' title='bbox 1601 2595 1666 2638; x_wconf 86' lang='lat' dir='ltr'>qui</span> <span class='ocrx_word' id='word_1_241' title='bbox 1695 2594 1887 2630; x_wconf 80' lang='lat' dir='ltr'>exercita-</span> 
     </span>
     <span class='ocr_line' id='line_1_26' title="bbox 125 2654 1889 2701; baseline -0.002 -6"><span class='ocrx_word' id='word_1_242' title='bbox 125 2660 258 2698; x_wconf 75' lang='lat' dir='ltr'>tiones</span> <span class='ocrx_word' id='word_1_243' title='bbox 289 2667 386 2694; x_wconf 88' lang='lat' dir='ltr'>suas</span> <span class='ocrx_word' id='word_1_244' title='bbox 416 2659 488 2693; x_wconf 83' lang='lat' dir='ltr'>aut</span> <span class='ocrx_word' id='word_1_245' title='bbox 516 2654 828 2693; x_wconf 85' lang='lat' dir='ltr'>declamationes</span> <span class='ocrx_word' id='word_1_246' title='bbox 855 2657 1052 2693; x_wconf 88' lang='lat' dir='ltr'>eiusmodi</span> <span class='ocrx_word' id='word_1_247' title='bbox 1076 2657 1320 2693; x_wconf 86' lang='lat' dir='ltr'>adiumentis</span> <span class='ocrx_word' id='word_1_248' title='bbox 1345 2656 1547 2692; x_wconf 87' lang='lat' dir='ltr'>illustrare</span> <span class='ocrx_word' id='word_1_249' title='bbox 1572 2657 1777 2701; x_wconf 89' lang='lat' dir='ltr'>cuperent.</span> <span class='ocrx_word' id='word_1_250' title='bbox 1792 2656 1889 2691; x_wconf 88' lang='lat' dir='ltr'>Inci-</span> 
     </span>
     <span class='ocr_line' id='line_1_27' title="bbox 127 2717 1886 2766; baseline -0.002 -10"><span class='ocrx_word' id='word_1_251' title='bbox 127 2721 243 2766; x_wconf 89' lang='lat' dir='ltr'>piunt</span> <span class='ocrx_word' id='word_1_252' title='bbox 281 2720 406 2764; x_wconf 85' lang='lat' dir='ltr'>igitur</span> <span class='ocrx_word' id='word_1_253' title='bbox 444 2720 518 2755; x_wconf 88' lang='lat' dir='ltr'>hac</span> <span class='ocrx_word' id='word_1_254' title='bbox 556 2719 748 2755; x_wconf 84' lang='lat' dir='ltr'>formula:</span> <span class='ocrx_word' id='word_1_255' title='bbox 788 2719 840 2754; x_wconf 87' lang='lat' dir='ltr'>‘in</span> <span class='ocrx_word' id='word_1_256' title='bbox 878 2719 952 2754; x_wconf 87' lang='lat' dir='ltr'>hac</span> <span class='ocrx_word' id='word_1_257' title='bbox 982 2728 1127 2755; x_wconf 87' lang='lat' dir='ltr'>scaena</span> <span class='ocrx_word' id='word_1_258' title='bbox 1154 2719 1386 2763; x_wconf 77' lang='lat' dir='ltr'>exemplum</span> <span class='ocrx_word' id='word_1_259' title='bbox 1416 2718 1512 2754; x_wconf 88' lang='lat' dir='ltr'>est’:</span> <span class='ocrx_word' id='word_1_260' title='bbox 1547 2718 1632 2754; x_wconf 90' lang='lat'>155.</span> <span class='ocrx_word' id='word_1_261' title='bbox 1663 2717 1701 2764; x_wconf 95' lang='grc'>2,</span> <span class='ocrx_word' id='word_1_262' title='bbox 1730 2717 1818 2755; x_wconf 90' lang='grc'><strong>209.</strong></span> <span class='ocrx_word' id='word_1_263' title='bbox 1852 2718 1886 2763; x_wconf 94' lang='grc'>1,</span> 
     </span>
     <span class='ocr_line' id='line_1_28' title="bbox 128 2779 1885 2827; baseline -0.002 -8"><span class='ocrx_word' id='word_1_264' title='bbox 128 2782 214 2820; x_wconf 90' lang='grc'><strong>540.</strong></span> <span class='ocrx_word' id='word_1_265' title='bbox 248 2783 280 2827; x_wconf 92' lang='grc'>1,</span> <span class='ocrx_word' id='word_1_266' title='bbox 311 2781 399 2818; x_wconf 89' lang='grc'><strong>713.</strong></span> <span class='ocrx_word' id='word_1_267' title='bbox 433 2783 465 2824; x_wconf 95' lang='grc'>1,</span> <span class='ocrx_word' id='word_1_268' title='bbox 492 2781 581 2818; x_wconf 90' lang='grc'><strong>719.</strong></span> <span class='ocrx_word' id='word_1_269' title='bbox 614 2783 647 2826; x_wconf 89' lang='grc'>1,</span> <span class='ocrx_word' id='word_1_270' title='bbox 678 2780 766 2817; x_wconf 90' lang='lat'>763.</span> <span class='ocrx_word' id='word_1_271' title='bbox 798 2780 831 2824; x_wconf 90' lang='lat'>1,</span> <span class='ocrx_word' id='word_1_272' title='bbox 862 2779 950 2816; x_wconf 90' lang='lat'>855.</span> <span class='ocrx_word' id='word_1_273' title='bbox 984 2781 1024 2824; x_wconf 89' lang='lat'>1;</span> <span class='ocrx_word' id='word_1_274' title='bbox 1051 2781 1126 2816; x_wconf 90' lang='lat' dir='ltr'>alia</span> <span class='ocrx_word' id='word_1_275' title='bbox 1150 2781 1213 2816; x_wconf 89' lang='lat' dir='ltr'>his</span> <span class='ocrx_word' id='word_1_276' title='bbox 1238 2790 1407 2825; x_wconf 86' lang='lat' dir='ltr'>prorsus</span> <span class='ocrx_word' id='word_1_277' title='bbox 1433 2780 1530 2814; x_wconf 90' lang='lat' dir='ltr'>sunt</span> <span class='ocrx_word' id='word_1_278' title='bbox 1556 2779 1719 2814; x_wconf 90' lang='lat' dir='ltr'>similia:</span> <span class='ocrx_word' id='word_1_279' title='bbox 1745 2779 1831 2815; x_wconf 89' lang='grc'><strong>288.</strong></span> <span class='ocrx_word' id='word_1_280' title='bbox 1850 2779 1885 2824; x_wconf 92' lang='grc'>2,</span> 
     </span>
     <span class='ocr_line' id='line_1_29' title="bbox 128 2840 1780 2890; baseline -0.002 -9"><span class='ocrx_word' id='word_1_281' title='bbox 128 2844 219 2882; x_wconf 88' lang='lat'>355.</span> <span class='ocrx_word' id='word_1_282' title='bbox 250 2844 283 2890; x_wconf 92' lang='lat'>1,</span> <span class='ocrx_word' id='word_1_283' title='bbox 312 2843 400 2880; x_wconf 89' lang='grc'><strong>592.</strong></span> <span class='ocrx_word' id='word_1_284' title='bbox 434 2843 467 2889; x_wconf 91' lang='grc'>1,</span> <span class='ocrx_word' id='word_1_285' title='bbox 497 2842 585 2879; x_wconf 92' lang='lat'>610.</span> <span class='ocrx_word' id='word_1_286' title='bbox 619 2844 652 2888; x_wconf 90' lang='lat'>1,</span> <span class='ocrx_word' id='word_1_287' title='bbox 683 2841 772 2879; x_wconf 82' lang='lat'>882.</span> <span class='ocrx_word' id='word_1_288' title='bbox 805 2842 838 2888; x_wconf 94' lang='lat'>1,</span> <span class='ocrx_word' id='word_1_289' title='bbox 869 2841 955 2878; x_wconf 90' lang='grc'><strong>899.</strong></span> <span class='ocrx_word' id='word_1_290' title='bbox 991 2842 1033 2887; x_wconf 88' lang='grc'><strong>1;</strong></span> <span class='ocrx_word' id='word_1_291' title='bbox 1066 2852 1139 2878; x_wconf 89' lang='lat' dir='ltr'>nec</span> <span class='ocrx_word' id='word_1_292' title='bbox 1167 2852 1248 2878; x_wconf 89' lang='lat' dir='ltr'>non</span> <span class='ocrx_word' id='word_1_293' title='bbox 1279 2841 1340 2878; x_wconf 90' lang='lat'>88.</span> <span class='ocrx_word' id='word_1_294' title='bbox 1374 2842 1407 2887; x_wconf 94' lang='lat'>1,</span> <span class='ocrx_word' id='word_1_295' title='bbox 1437 2841 1524 2877; x_wconf 88' lang='lat'>447.</span> <span class='ocrx_word' id='word_1_296' title='bbox 1560 2841 1594 2885; x_wconf 94' lang='lat'>1,</span> <span class='ocrx_word' id='word_1_297' title='bbox 1623 2840 1711 2876; x_wconf 86' lang='lat'>517.</span> <span class='ocrx_word' id='word_1_298' title='bbox 1745 2840 1780 2878; x_wconf 93' lang='lat'>1.</span> 
     </span>
    </p>

    <p class='ocr_par' dir='ltr' id='par_1_9' title="bbox 180 2902 1766 2949">
     <span class='ocr_line' id='line_1_30' title="bbox 180 2902 1766 2949; baseline -0.003 -7"><span class='ocrx_word' id='word_1_299' title='bbox 180 2906 278 2942; x_wconf 89' lang='lat' dir='ltr'>Vide</span> <span class='ocrx_word' id='word_1_300' title='bbox 307 2915 408 2949; x_wconf 86' lang='lat' dir='ltr'>quae</span> <span class='ocrx_word' id='word_1_301' title='bbox 437 2906 484 2941; x_wconf 89' lang='lat' dir='ltr'>de</span> <span class='ocrx_word' id='word_1_302' title='bbox 512 2904 573 2940; x_wconf 90' lang='lat' dir='ltr'>his</span> <span class='ocrx_word' id='word_1_303' title='bbox 605 2903 768 2940; x_wconf 85' lang='lat' dir='ltr'>scholiis</span> <span class='ocrx_word' id='word_1_304' title='bbox 798 2904 946 2940; x_wconf 89' lang='lat' dir='ltr'>diserte</span> <span class='ocrx_word' id='word_1_305' title='bbox 973 2904 1145 2949; x_wconf 81' lang='lat' dir='ltr'>exposui</span> <span class='ocrx_word' id='word_1_306' title='bbox 1174 2906 1214 2939; x_wconf 91' lang='lat' dir='ltr'>in</span> <span class='ocrx_word' id='word_1_307' title='bbox 1244 2904 1387 2939; x_wconf 91' lang='lat' dir='ltr'>Mnem.</span> <span class='ocrx_word' id='word_1_308' title='bbox 1418 2902 1480 2940; x_wconf 90' lang='lat'>39.</span> <span class='ocrx_word' id='word_1_309' title='bbox 1511 2913 1546 2948; x_wconf 93' lang='lat' dir='ltr'>p.</span> <span class='ocrx_word' id='word_1_310' title='bbox 1581 2902 1653 2938; x_wconf 89' lang='lat'>148</span> <span class='ocrx_word' id='word_1_311' title='bbox 1682 2911 1766 2945; x_wconf 86' lang='lat' dir='ltr'>sqq.</span> 
     </span>
    </p>
   </div>
   <div class='ocr_carea' id='block_1_7' title="bbox 125 3024 1878 3136">
    <p class='ocr_par' dir='ltr' id='par_1_10' title="bbox 125 3024 1878 3136">
     <span class='ocr_line' id='line_1_31' title="bbox 125 3024 1878 3072; baseline -0.004 -6"><span class='ocrx_word' id='word_1_312' title='bbox 125 3030 146 3066; x_wconf 93' lang='lat'>1</span> <span class='ocrx_word' id='word_1_313' title='bbox 231 3028 251 3064; x_wconf 92' lang='lat'>1</span> <span class='ocrx_word' id='word_1_314' title='bbox 282 3028 327 3064; x_wconf 86' lang='lat' dir='ltr'>cf.</span> <span class='ocrx_word' id='word_1_315' title='bbox 358 3027 452 3064; x_wconf 88' lang='lat' dir='ltr'>Pho.</span> <span class='ocrx_word' id='word_1_316' title='bbox 488 3027 521 3063; x_wconf 93' lang='lat'>1.</span> <span class='ocrx_word' id='word_1_317' title='bbox 551 3027 585 3064; x_wconf 92' lang='grc'>2.</span> <span class='ocrx_word' id='word_1_318' title='bbox 669 3027 692 3063; x_wconf 89' lang='grc'><strong>3</strong></span> <span class='ocrx_word' id='word_1_319' title='bbox 721 3027 941 3062; x_wconf 87' lang='lat' dir='ltr'>secundum</span> <span class='ocrx_word' id='word_1_320' title='bbox 967 3026 1111 3072; x_wconf 83' lang='lat' dir='ltr'>Smith,</span> <span class='ocrx_word' id='word_1_321' title='bbox 1137 3025 1371 3062; x_wconf 87' lang='lat' dir='ltr'>Archaisms</span> <span class='ocrx_word' id='word_1_322' title='bbox 1397 3025 1438 3060; x_wconf 86' lang='lat' dir='ltr'>of</span> <span class='ocrx_word' id='word_1_323' title='bbox 1461 3025 1646 3071; x_wconf 84' lang='lat' dir='ltr'>Terence,</span> <span class='ocrx_word' id='word_1_324' title='bbox 1663 3024 1878 3068; x_wconf 88' lang='lat' dir='ltr'>significat:</span> 
     </span>
     <span class='ocr_line' id='line_1_32' title="bbox 163 3083 1434 3136; baseline -0.002 -11"><span class='ocrx_word' id='word_1_325' title='bbox 163 3083 339 3136; x_wconf 62' lang='lat' dir='ltr'>&#39;scriptor</span> <span class='ocrx_word' id='word_1_326' title='bbox 370 3099 455 3125; x_wconf 88' lang='lat' dir='ltr'>was</span> <span class='ocrx_word' id='word_1_327' title='bbox 487 3090 583 3125; x_wconf 91' lang='lat' dir='ltr'>used</span> <span class='ocrx_word' id='word_1_328' title='bbox 612 3089 672 3124; x_wconf 86' lang='lat' dir='ltr'>for</span> <span class='ocrx_word' id='word_1_329' title='bbox 702 3088 892 3133; x_wconf 87' lang='lat' dir='ltr'>comicus,</span> <span class='ocrx_word' id='word_1_330' title='bbox 921 3087 1071 3134; x_wconf 89' lang='lat' dir='ltr'>epicus,</span> <span class='ocrx_word' id='word_1_331' title='bbox 1099 3087 1330 3129; x_wconf 85' lang='lat' dir='ltr'>historicus,</span> <span class='ocrx_word' id='word_1_332' title='bbox 1361 3087 1434 3122; x_wconf 90' lang='lat' dir='ltr'>etc.</span> 
     </span>
    </p>
   </div>
  </div>
 </body>
</html>
