2242 3443
159 343 245 383 262

160 634 246 674 263

159 779 246 819 262

159 872 245 912 263

159 1034 246 1074 264

158 1125 243 1166 265

157 1446 245 1487 266

156 1690 238 1730 267

155 2390 240 2431 268

1018 220 1070 257 37

378 344 397 381 1
433 354 522 381 TUM
564 353 717 382 PATffls
760 354 901 382 PUDon
944 353 1016 388 QUI
1055 356 1111 382 ME
1145 356 1235 383 TAM
1269 357 1308 384 L.
1341 357 1378 385 P.
1412 347 1493 384 hoc
1525 347 1576 384 ad
1610 347 1713 385 illud
1746 350 1912 395 spectat

301 418 409 458 ‘tute
442 419 512 457 his
542 419 674 457 rebus
707 420 736 458 s.
771 421 826 467 p.’
860 422 915 461 (v,
955 421 1064 462 151).
1102 422 1126 458 2
1160 432 1250 459 TUM
1284 432 1436 460 PATRIS
1466 433 1607 460 PUDOR
1638 421 1865 472 ἀμφιβολία.

482 492 503 528 3
535 502 603 534 QUI
639 503 693 528 ME
732 503 814 528 TAM
853 502 1039 529 MBERADI
1078 505 1112 530 P.
1144 495 1392 540 explanatio,
1423 496 1462 530 in
1492 505 1568 538 quo
1598 497 1829 540 pudendum
1859 497 1911 531 sit

425 547 530 590 apud
559 547 731 591 patrem.

365 636 385 672 l
420 643 521 672 EINE
554 643 634 672 EGO
667 645 722 672 UT
754 644 984 672 ADVERSER
1016 645 1258 683 pronomen
1291 636 1372 675 hoc
1406 637 1493 674 vim
1527 636 1750 684 qualitatis
1782 637 1911 675 habet

307 709 351 747 et
384 711 453 747 est
483 708 608 758 tali,
643 711 755 748 tam
789 709 943 748 bono.

482 784 504 818 4
535 793 603 825 QUI
631 793 685 818 ME
715 795 749 819 T.
780 794 814 819 L.
845 794 880 819 P.
910 784 1021 828 atqui
1051 785 1266 820 accusabat
1295 795 1409 821 eum:
1441 786 1508 820 sed
1538 787 1692 821 amator
1719 787 1794 821 est.

365 872 389 909 2
422 881 523 910 EINE
556 881 636 910 EGO
670 882 725 910 UT
758 882 987 910 ADVERSER
1021 872 1193 911 videtur
1223 872 1478 922 inclinasse,
1514 875 1562 911 ut
1587 873 1823 912 secundum
1841 884 1909 922 pa-

306 947 387 986 tris
413 948 611 986 animum
640 948 919 998 consisteret,
950 948 1023 987 sed
1048 958 1197 987 amore
1216 948 1268 987 ad
1286 949 1454 988 incerta
1470 949 1629 987 iterum
1649 949 1908 988 revolvetur.

478 1047 667 1080 QUORSUM
696 1048 867 1074 ACCIDAT
896 1039 943 1074 ‘dd
973 1048 1093 1082 quan]
1122 1049 1227 1084 rem,
1257 1049 1334 1083 QUO
1363 1049 1542 1075 versum.

364 1126 384 1163 1
419 1135 496 1163 SED
538 1135 655 1164 NUNC
697 1135 888 1164 PEROPUS
929 1136 1005 1164 EST
1043 1138 1130 1165 AUT
1163 1138 1282 1165 HUNC
1314 1138 1402 1166 CUM
1434 1138 1531 1166 IPsA
1563 1138 1649 1165 AUT
1682 1127 1906 1165 calliditati

303 1201 520 1241 femineae
552 1205 595 1240 et
626 1202 819 1241 astutiae
851 1203 1071 1241 sententia
1102 1203 1210 1242 haec
1243 1203 1454 1251 congruit.
1490 1204 1513 1241 2
1548 1214 1634 1241 CUM
1667 1214 1762 1241 IPSA
1792 1199 1912 1251 ‘ipsa’

305 1288 421 1316 nunc
462 1278 689 1316 domina
731 1288 861 1318 mea.
904 1279 928 1316 3
971 1289 1209 1317 ADVERSUM
1246 1289 1364 1317 HUNc
1398 1279 1511 1328 apud
1545 1279 1681 1326 hunc;
1718 1278 1820 1316 alibi
1854 1278 1910 1316 ‘et

303 1354 345 1392 id
377 1355 552 1402 gratum
587 1354 724 1393 fuisse
757 1355 992 1393 adversum
1027 1359 1057 1394 t.
1092 1356 1132 1393 h.
1168 1356 1222 1403 g.'
1257 1358 1311 1395 (v,
1345 1356 1428 1401 42).

360 1456 452 1484 DUM
480 1456 526 1484 IN
553 1457 684 1485 DUBio
712 1457 787 1485 Esr
814 1457 985 1486 ANIMUs
1012 1458 1050 1486 P.
1079 1457 1122 1485 M.
1150 1457 1194 1486 H.
1223 1458 1262 1485 v.
1291 1446 1522 1485 translatio
1546 1447 1652 1485 haec
1670 1447 1735 1484 est
1754 1456 1778 1484 a
1795 1445 1908 1484 mole

303 1521 486 1561 alicuius
518 1522 743 1572 ponderis,
778 1533 886 1570 quae
929 1525 1166 1570 antequam
1204 1523 1246 1560 in
1281 1522 1375 1561 loco
1409 1522 1582 1571 sederit,
1617 1531 1716 1560 cum
1748 1522 1911 1560 incerta

302 1598 459 1646 pendet
490 1598 698 1638 facillime
731 1601 1046 1638 commovetur.

358 1693 378 1729 1
415 1701 611 1737 QUISNAM
643 1702 718 1730 Hic
750 1702 968 1737 LooUr'rUR
999 1702 1129 1730 MYSis
1161 1701 1298 1729 SALVE
1326 1691 1406 1728 hoc
1433 1699 1605 1736 secum;
1636 1689 1786 1727 deinde
1814 1699 1906 1727 con·

302 1775 456 1805 versus
497 1767 619 1806 vidit.
655 1769 678 1805 2
713 1777 851 1805 SALvE
884 1767 1056 1806 difficile
1090 1768 1158 1805 est
1190 1766 1385 1804 invenire
1418 1764 1534 1803 aliud
1567 1763 1762 1811 verbum,
1798 1764 1905 1811 quod

301 1842 364 1880 sic
397 1842 635 1884 declinetur
667 1842 838 1891 <ut>
869 1853 1006 1881 sALVE
1041 1844 1082 1881 et
1110 1852 1319 1890 SALVETE,
1349 1840 1505 1889 quippe
1533 1840 1660 1878 huius
1687 1839 1806 1877 verbi
1833 1849 1907 1887 per

301 1917 455 1957 modos
495 1928 594 1957 rara
636 1920 706 1957 est·
744 1918 991 1957 declinatio.
1036 1920 1061 1956 4
1095 1927 1193 1962 QU1s
1226 1927 1300 1955 ch
1333 1928 1368 1955 L.
1400 1916 1659 1964 principium
1693 1914 1909 1953 Terentia-

300 2003 406 2032 num
433 1994 478 2033 in
504 1994 737 2043 iungendis
764 1994 978 2043 personis.
1007 1995 1032 2032 4
1065 2004 1087 2032 o
1111 2004 1249 2032 SALVE
1267 2002 1492 2031 PAMPHILE
1513 1990 1562 2029 ‘o’
1581 1990 1824 2028 interiectio
1841 1992 1909 2027 est

300 2069 494 2118 optantis
535 2070 774 2109 adventum
809 2072 884 2109 aut
916 2071 1094 2118 repente
1126 2069 1334 2117 percussi.
1371 2070 1394 2106 5
1429 2077 1530 2112 QUID
1562 2076 1666 2104 AGIT
1698 2065 1906 2103 amatorie

302 2147 346 2184 et
386 2146 665 2185 familiariter
703 2156 788 2185 non
821 2146 988 2185 addidit
1020 2155 1179 2193 quae:
1214 2144 1429 2192 Vergilius
1465 2142 1586 2190 ‘quae
1618 2142 1725 2180 mihi
1758 2140 1908 2179 reddat

301 2231 401 2260 eum
439 2222 509 2261 vel
541 2232 592 2262 eo
626 2233 696 2261 me
728 2222 877 2261 solvat
910 2222 1151 2260 amantem’
1184 2222 1306 2262 (Aen.
1339 2221 1378 2258 4.
1413 2220 1527 2259 479).
1561 2219 1585 2257 6
1618 2227 1757 2255 ROGAS
1788 2216 1906 2255 lenta

300 2298 514 2346 quaedam
543 2301 587 2338 et
615 2299 757 2338 tristis
788 2298 1014 2347 responsio
1048 2299 1114 2336 est
1147 2299 1190 2336 et
1223 2296 1367 2335 dolore
1399 2295 1538 2343 plena.

358 2391 377 2429 1
413 2401 616 2430 LABORAT
658 2402 715 2430 EX
759 2401 922 2430 DoLonE
954 2390 1173 2438 duplicem
1207 2389 1399 2428 laborem
1434 2386 1622 2435 Glycerii
1654 2395 1749 2424 esse
1780 2385 1904 2423 dicit:

302 2477 438 2506 unum
469 2468 768 2518 partitudinis,
799 2468 988 2506 alterum
1017 2477 1147 2506 curae
1174 2468 1218 2505 et
1246 2464 1554 2504 sollicitudinis
1572 2461 1785 2510 Pamphili
1803 2469 1903 2507 nup-

302 2543 478 2582 tiarum.
522 2544 546 2582 2
588 2553 789 2582 LABoRAT
831 2553 889 2581 EX
930 2553 971 2582 D.
1015 2554 1057 2580 A.
1097 2553 1136 2580 E.
1169 2552 1214 2580 H.
1248 2552 1294 2580 M.
1328 2551 1362 2578 s.
1395 2551 1436 2578 D.
1471 2538 1623 2578 callide
1656 2534 1905 2585 aggreditur

301 2619 529 2668 iuvenem,
558 2629 661 2658 nam
688 2621 925 2666 utrumque
951 2619 1128 2666 propter
1153 2617 1279 2656 illum
1307 2615 1561 2664 perpetitur,
1591 2615 1632 2651 et
1659 2611 1901 2650 dolorem

303 2694 344 2732 et
375 2694 853 2733 sollicitudinem.
889 2694 913 2731 3
947 2702 1090 2737 ATQUE
1123 2703 1180 2730 Ex
1212 2702 1296 2730 Hoc
1327 2701 1373 2731 M.
1406 2701 1440 2728 S.
1473 2700 1510 2727 E.
1543 2699 1583 2726 D.
1613 2686 1765 2734 Mysis,
1794 2693 1902 2731 quae

303 2771 454 2808 contra
500 2772 672 2819 patrem
720 2779 906 2808 suasura
951 2770 1037 2817 est,
1086 2768 1301 2806 incertum
1348 2765 1577 2803 inveniens
1625 2759 1899 2808 Pamphilum

301 2844 427 2884 facile
453 2846 506 2884 ad
533 2856 579 2884 se
607 2845 824 2885 convertit
849 2845 1072 2883 mentione
1101 2843 1304 2882 dominae
1322 2850 1427 2879 suae
1445 2841 1488 2878 et
1505 2837 1697 2877 maxime
1713 2834 1900 2882 <eo>,

301 2921 412 2967 quod
455 2921 638 2971 addidit,
680 2923 728 2960 ut
770 2921 892 2959 illam
927 2930 1105 2968 aegram
1139 2929 1237 2958 esse
1271 2918 1406 2956 dicat:
1440 2925 1524 2962 qua
1555 2924 1599 2951 re
1631 2912 1781 2950 statim
1814 2919 1904 2958 per-

300 2996 467 3034 fectum
499 2998 568 3035 est
599 2996 713 3044 quod
746 2983 941 3045 volebat,
978 2995 1129 3047 ‘egone
1163 2993 1278 3032 istuc
1311 2990 1457 3030 conari
1489 2997 1640 3036 queam
1655 2986 1689 3024 ‘3’
1716 2987 1764 3022 ut
1790 2984 1905 3022 dicat

303 3071 570 3120 Pamphilus.
