2242 3443
331 223 519 251 ADE1.PH1
1165 214 1248 251 298

355 338 377 373 2
460 337 483 372 2
513 338 559 372 ad
596 338 720 372 Andr.
762 336 845 373 169.
887 335 975 372 412.
1082 336 1104 373 3
1145 336 1347 372 ‘honorari
1386 337 1425 372 et
1463 337 1630 382 captari’
1669 348 1689 374 e
1726 339 1825 374 Don.
1863 338 1899 383 2,
1939 338 2091 375 ‘audiri'

406 400 539 443 inepte
568 399 696 434 reddit
724 398 1059 443 significationem
1085 398 1195 433 verbi
1219 395 1256 433 in
1284 398 1468 443 exemplo
1495 398 1693 444 Plautino,
1718 409 1820 444 quae
1836 402 1919 436 est:
1936 401 2093 438 attente

403 462 645 506 aspicientes
684 461 927 504 cognoscite,
970 460 1015 495 cf.
1057 460 1156 495 Non.
1199 460 1287 497 360.
1328 460 1363 505 5,
1402 460 1535 497 Schol.
1575 461 1675 497 Dan.
1715 462 1763 497 ad
1793 462 1892 498 Aen.
1925 462 1986 501 11.
2015 461 2092 500 725

404 531 495 557 cum
525 531 586 558 ex.
617 522 744 558 Plaut.

353 583 376 618 3
457 584 503 619 ad
535 585 609 619 An.
640 584 675 621 8.

351 645 374 681 4
460 646 478 680 1
524 646 667 682 merito
705 646 862 682 Donato
902 646 1009 682 dedit
1051 644 1440 682 Dziatzko—Kaner
1479 647 1527 682 ad
1568 646 1607 684 h.
1645 657 1682 686 v,
1780 647 1802 684 3
1840 647 2091 692 iungendum

401 717 490 743 cum
523 708 541 744 1
574 710 614 744 et
643 709 688 745 cf.
719 709 818 745 Eun.
849 708 937 745 713.
971 711 1005 747 1.
1087 708 1110 744 2
1142 708 1320 744 otiosum
1351 708 1468 745 iuxta
1499 711 1517 746 1
1551 709 1594 746 D.

351 770 370 805 7
454 771 500 808 cs.
534 771 764 806 Euanthius
793 771 829 806 4.
865 774 883 808 1
914 773 955 806 et
985 770 1148 806 Wessn.
1180 770 1217 806 in
1249 772 1354 816 App.

348 832 370 867 8
455 831 478 868 2
515 833 734 879 insulsum,
772 833 968 869 haustum
1006 833 1181 869 fortasse
1218 843 1269 869 ex
1300 833 1532 878 Eugraphio
1561 835 1609 870 ad
1640 844 1676 870 v,
1708 833 1750 878 9;
1782 833 1828 871 cf.
1862 834 2090 880 Eugraphio

403 895 450 929 ad
482 905 516 930 v,
549 895 594 938 9;
624 896 672 931 cf.
703 896 802 932 Eun.
833 895 934 940 prol.
966 895 1016 932 30
1047 905 1105 939 sq.

349 958 373 993 9
456 968 480 992 α
509 958 835 994 additamentum
866 968 936 1003 per
964 958 1099 994 enim
1127 958 1445 1003 ineptissimum.

325 1018 373 1055 10
455 1019 479 1055 2
517 1030 541 1055 α
570 1021 893 1056 additamentum
923 1020 1043 1056 nimis
1073 1021 1324 1066 suspectum,
1355 1029 1450 1055 nam
1479 1019 1519 1055 in
1550 1019 1672 1056 verbo
1703 1019 1904 1065 ‘sumpsit'
1934 1020 1971 1056 id
2001 1020 2039 1056 h.
2068 1020 2092 1057 l.

401 1091 479 1118 non
511 1083 630 1128 inest,
661 1084 694 1119 si
725 1093 936 1128 comparas
966 1093 1031 1122 ex,
1062 1082 1233 1127 Vergil.;
1263 1082 1459 1119 haustum
1491 1084 1555 1118 est
1584 1092 1605 1118 e
1635 1093 1671 1120 V.
1703 1081 1750 1118 13
1780 1081 2002 1119 ‘furtumne
2018 1082 2094 1119 fac-

402 1146 489 1180 tum
519 1146 793 1182 existimetis’.

323 1206 367 1242 11
454 1206 476 1242 3
507 1207 677 1244 ‘extulit'
705 1208 743 1243 h.
770 1208 793 1243 l.
820 1217 900 1244 non
927 1206 1058 1243 differt
1083 1217 1106 1243 a
1132 1203 1386 1252 ‘transtulit’,
1414 1208 1457 1243 ut
1472 1206 1572 1243 vidit
1585 1207 1808 1243 Dzi-Kauer
1823 1207 1864 1244 et
1888 1206 2092 1243 Sloman

400 1268 438 1303 in
469 1270 528 1305 ed.
559 1270 631 1306 Ad.
663 1269 824 1314 Oxford‚
857 1268 976 1314 1901;
1008 1269 1231 1305 scholiasta
1260 1269 1440 1305 absurde
1469 1270 1587 1314 putat
1615 1278 1707 1305 esse
1735 1269 2089 1306 :exornavit

398 1331 581 1375 cogitans
608 1333 656 1367 de
683 1332 877 1369 formula:
908 1331 1047 1368 efferre
1075 1332 1275 1377 laudibus,
1305 1332 1394 1368 sim.
2084 1352 2093 1370 2

321 1392 369 1429 12
455 1393 474 1429 1
505 1394 606 1430 satis
635 1404 982 1439 supervacaneum
1013 1396 1053 1430 et
1082 1394 1259 1430 fortasse
1288 1394 1490 1439 spurium.
1578 1394 1602 1430 2
1631 1393 1676 1430 cf.
1706 1393 1800 1430 Pho.
1832 1394 1930 1439 prol.
1964 1394 2027 1432 25.
2058 1394 2093 1440 2,

326 1455 374 1490 13
460 1457 479 1493 1
511 1457 551 1492 et
581 1456 605 1492 2
633 1457 910 1493 additamenta
938 1466 1010 1502 per
1038 1456 1131 1493 hoc
1159 1457 1261 1501 est3
1293 1456 1328 1492 si
1361 1465 1572 1501 comparas
1600 1467 1638 1492 V.
1670 1455 1693 1492 5
1719 1465 1809 1492 cum
1834 1457 2098 1494 adnotatione

404 1517 573 1563 Kaueri‚
603 1519 756 1555 videbis
785 1529 906 1564 quam
935 1519 1037 1556 falsa
1065 1519 1163 1555 haec
1193 1519 1277 1555 sint
1308 1520 1349 1555 et
1375 1519 1524 1564 inepta.

326 1579 375 1616 15
459 1580 478 1616 1
510 1581 667 1618 notavit
696 1582 872 1626 Wessn.‚
903 1581 951 1618 cf.
983 1583 1030 1618 ad
1059 1581 1154 1618 Hec.
1190 1581 1277 1618 174.
1311 1582 1344 1618 1.
1429 1581 1453 1618 2
1481 1581 1643 1617 Wessn.
1675 1581 1715 1617 in
1746 1582 1850 1626 App.

326 1642 374 1677 16
460 1643 478 1678 1
505 1644 552 1678 ad
578 1643 675 1680 Pho.
701 1643 762 1681 34.
790 1644 825 1681 6.
909 1643 933 1681 2
957 1645 1176 1688 utrumque
1200 1644 1368 1680 falsum:
1396 1645 1530 1680 orator
1549 1643 1706 1688 prologi
1721 1652 1802 1680 non
1817 1643 1937 1680 modo
1951 1653 2093 1680 revera

403 1703 551 1740 crimen
588 1706 739 1752 tangit,
778 1707 847 1743 sed
887 1706 1011 1743 etiam
1048 1706 1138 1751 ipsa
1170 1707 1293 1743 verba
1321 1705 1545 1743 adversarii
1574 1705 1718 1750 refert5
1747 1705 1794 1742 cf.
1822 1705 1973 1742 Kaueri
2001 1706 2091 1743 adn.

402 1766 541 1802 critica
570 1777 606 1812 p.
641 1768 727 1806 142.

323 1828 373 1865 24
457 1829 476 1865 1
493 1826 544 1878 —l—
561 1829 585 1867 2
613 1840 741 1866 unum
770 1830 969 1867 scholium
999 1830 1146 1867 Donati
1163 1828 1191 1872 1)
1217 1830 1485 1876 proponentis
1511 1831 1610 1866 duas
1634 1829 1994 1874 interpretationes
2010 1839 2094 1866 ver-

400 1892 544 1927 borum
570 1892 777 1937 ‘aperient'
804 1894 845 1929 et
867 1892 1137 1938 ‘ostendent’;
1167 1892 1343 1937 priorem
1360 1892 1577 1938 amplexus
1594 1893 1659 1928 est
1673 1891 1852 1937 Sloman,
1868 1892 2090 1928 adnotans:

404 1952 635 1990 ‘ostendent
665 1964 720 1991 sc.
750 1955 985 2000 actores’,
1015 1954 1184 1991 alteram
1214 1955 1296 1991 fere
1323 1955 1479 1991 Kauer:
1509 1954 2092 2000 ‘aperiens-:narrabunt

401 2017 485 2052 etc:
525 2015 577 2052 ‘in
613 2017 771 2061 agendo
806 2018 963 2062 partem
1000 2017 1232 2054 ostendent’
1261 2016 1421 2053 bezieht
1450 2016 1535 2053 sich
1563 2016 1634 2052 auf
1657 2017 1735 2052 den
1765 2015 1994 2060 Gegensatz
2025 2016 2094 2052 der

401 2078 540 2114 beiden
581 2079 700 2114 Alton
739 2079 778 2114 in
815 2078 945 2115 ihrem
983 2078 1198 2115 Auftreten
1236 2080 1311 2115 etc.
1351 2079 1412 2121 (cf.
1442 2079 1565 2115 etiam
1594 2077 1718 2114 schol.
1753 2077 1816 2115 26.
1843 2077 1893 2121 2).
1922 2077 2090 2115 Initium

400 2139 525 2176 schol.
565 2140 589 2177 2
625 2141 814 2177 convenit
850 2150 943 2176 cum
982 2140 1103 2186 praef.
1148 2141 1192 2178 2:
1238 2141 1373 2178 ‘huius
1412 2143 1499 2178 tota
1537 2141 1640 2177 actio
1680 2150 1772 2177 cum
1800 2139 1855 2176 sit
1882 2139 2013 2177 mixta
2039 2149 2089 2177 ex

402 2204 573 2247 utroque
610 2212 782 2247 genere.
803 2233 809 2240 .
829 2231 863 2239 ..
893 2205 1030 2240 tamen
1060 2203 1214 2240 maiora
1241 2214 1292 2240 ex
1322 2205 1435 2250 parte
1465 2203 1639 2240 motoria
1666 2204 1743 2248 est,
1771 2211 1867 2238 nam
1897 2203 2091 2239 statarios

400 2264 507 2300 locos
547 2274 769 2310 perpaucos
811 2265 959 2303 habet'.
1002 2265 1111 2310 Quae
1154 2268 1291 2306 autem
1334 2268 1373 2302 in
1417 2266 1570 2302 scholio
1611 2266 1840 2310 sequuntur
1879 2263 1903 2302 2
1931 2274 1956 2299 a
1982 2265 2089 2301 ‘nam

400 2327 479 2362 duo
507 2327 652 2371 agendi
680 2329 778 2363 sunt
807 2328 1048 2373 principales
1080 2329 1199 2365 modi’
1229 2331 1305 2375 etc,
1337 2330 1474 2366 addita
1497 2329 1595 2365 mihi
1618 2328 1810 2364 videntur
1833 2336 1857 2363 a
1880 2326 2091 2376 magistro,

401 2389 466 2432 qui
495 2398 706 2433 perperam
725 2389 965 2434 loquiturde
994 2391 1156 2426 modis
1186 2392 1372 2436 agendi
1401 2391 1625 2428 motorio
1655 2389 1882 2427 statario
1911 2388 2090 2431 mixto,

401 2460 491 2486 cum
530 2451 759 2487 Euanthius
797 2452 865 2494 (IV
906 2452 943 2494 4)
981 2454 1021 2489 et
1060 2453 1243 2490 Donatus
1273 2454 1412 2499 (praef.
1442 2449 1518 2490 An.
1552 2455 1593 2491 et
1623 2453 1693 2489 Ph.
1725 2451 1787 2496 12)
1817 2453 1858 2488 et
1886 2451 1950 2487 Ps.
1983 2452 2088 2488 Acro

404 2514 465 2553 (ad
494 2513 589 2549 Hor.
621 2524 655 2552 a.
686 2524 722 2558 p.
758 2513 848 2556 288)
878 2514 978 2551 haec
1005 2516 1387 2552 comoediarum
1418 2525 1610 2561 genera
1638 2524 1730 2552 esse
1760 2514 1939 2551 doceant.

401 2574 752 2612 3a‘v01k0mmen
783 2576 1054 2621 siberfliissig',
1085 2579 1130 2613 ut
1159 2577 1215 2614 ait
1243 2578 1394 2615 Kauer.

322 2636 371 2672 26
457 2636 475 2672 1
507 2639 646 2673 contra
675 2637 922 2686 Struckium‚
953 2639 1000 2674 de
1029 2638 1115 2675 Ter.
1146 2640 1186 2675 et
1215 2639 1315 2676 Don.
1349 2638 1450 2677 1910
1480 2649 1518 2684 p.
1546 2639 1608 2685 26,
1638 2639 1678 2675 in
1703 2639 1778 2675 hoc
1803 2637 1956 2675 scholio
1980 2639 2090 2682 certa

401 2697 576 2735 Graecae
613 2699 779 2743 originis
808 2700 952 2735 indicia
980 2700 1361 2747 deprehendentem,
1391 2703 1480 2737 vide
1509 2710 1611 2746 quae
1640 2700 1848 2746 disputavi
1875 2699 1914 2745 in
1944 2700 2089 2736 Mnem.

403 2759 452 2796 39
491 2770 528 2805 p.
570 2760 644 2811 160
685 2771 742 2805 sq.
783 2761 971 2798 Ceterum
1005 2762 1051 2798 cf.
1088 2762 1250 2798 Wessn.
1290 2763 1329 2798 in
1367 2764 1469 2808 App.
1575 2763 1599 2799 4
1629 2762 1728 2801 Vide
1751 2764 1874 2808 Eugr.
1904 2763 1954 2799 ad
1981 2763 2088 2798 hunc

402 2831 579 2859 versum.

323 2883 369 2921 27
456 2884 479 2921 2
518 2884 703 2930 ‘proprie’
743 2887 790 2921 ad
822 2887 946 2922 Andr.
977 2885 1065 2922 243.
1098 2886 1133 2923 2.
1218 2887 1241 2924 3
1268 2899 1293 2923 α
1317 2887 1548 2932 exemplum
1569 2887 1686 2931 Verg.
1717 2887 1923 2932 ineptum;
1954 2885 2086 2923 Smith

402 2946 628 2987 {archaism
669 2957 705 2992 p.
744 2947 828 2990 252:
861 2948 895 2984 is
925 2948 1131 2993 evidently
1162 2949 1230 2985 the
1264 2949 1441 2985 addition
1473 2949 1513 2985 of
1538 2959 1562 2985 a
1589 2949 1692 2985 later
1719 2949 1838 2986 hand.
1869 2948 1969 2985 Vide
1995 2947 2086 2985 adn.

402 3008 477 3043 An.
507 3007 569 3054 48,
599 3009 649 3045 ad
678 3009 778 3045 Eun.
811 3009 873 3055 37,
904 3009 951 3046 58
982 3011 1055 3045 etc.

365 3139 387 3182 ¹)
414 3138 528 3174 Recte
557 3139 671 3184 igitur
698 3139 849 3175 Wessn.
876 3140 1038 3176 correxit
1062 3143 1144 3176 aut
1168 3142 1261 3189 ipsi
1287 3155 1354 3187 pro
1380 3142 1481 3178 haud
1506 3142 1581 3188 ipsi
1603 3142 1660 3178 vel
1683 3142 1859 3178 audisse.

2169 0 2228 347 ἕ

2194 350 2222 567 ξ
