2242 3443
98 753 172 789 637

100 1051 175 1087 638

100 1196 173 1232 637

100 1271 177 1307 638

101 1498 177 1535 639

98 1999 176 2036 640

99 2228 173 2263 611

961 200 1013 237 79

248 322 486 361 tentionem
523 321 1002 370 considerationemque
1035 323 1280 361 revocandi.
1314 325 1338 362 3
1366 334 1586 363 PROXIMUS
1615 335 1756 373 carue,
1788 327 1854 365 be-

248 398 443 444 nivolus;
477 399 502 435 4
538 397 585 435 Ec
618 397 698 436 hoc
732 399 798 436 est
831 398 944 444 quod
973 398 1033 436 ait
1060 409 1192 446 supra
1217 397 1274 442 (V.
1305 400 1408 446 429)
1439 396 1535 447 ‘quo
1564 401 1739 449 aequior
1758 413 1855 441 sum

247 474 476 522 Pamphilo
502 474 540 512 si
567 484 614 512 se
643 473 764 512 illam
782 474 826 512 in
845 475 1013 513 somnis
1031 484 1164 522 quam
1184 474 1307 513 illum
1327 475 1531 524 amplecti
1550 477 1733 515 maluit’.
1754 479 1857 517 Inde

249 552 291 588 et
318 549 559 597 proximi
587 552 629 587 et
656 549 959 597 propinqui
989 549 1189 588 dicuntur
1218 550 1288 597 qui
1315 551 1440 589 nobis
1468 553 1555 590 cari
1572 562 1668 590 esse
1686 553 1855 592 debent.

419 624 441 657 2
469 633 674 658 PROXIMUS
713 633 793 658 snM
821 633 977 659 EGOMET
1005 633 1098 659 MIHI
1126 624 1163 658 id
1193 626 1255 660 est
1285 625 1412 660 carior
1443 626 1624 662 mihimet
1653 627 1737 670 ipse
1766 637 1855 663 sum

365 686 486 720 quam.
515 679 729 721 quisquam
758 676 928 713 alienus.

306 750 326 786 1
360 758 484 786 Nfflu.
516 759 654 787 PUDET
688 749 860 797 pudor
893 750 961 787 est
994 749 1099 787 mali
1131 749 1256 798 facti,
1293 751 1642 789 verecundia
1675 752 1779 790 recti
1813 754 1855 790 et

246 824 431 863 honesti.
474 825 527 864 (α)
572 824 596 862 2
630 834 670 862 SI
702 833 836 862 noeirs
869 824 1062 863 abundat
1095 825 1146 863 ‘si
1178 826 1333 873 roges'‚
1367 826 1444 864 sed
1478 823 1629 875 ἠθικῶς
1661 827 1854 865 additum

247 901 328 938 est.
363 900 388 938 3
420 910 494 938 HIC
525 910 600 938 UBI
634 910 741 938 opus
773 910 848 938 EST
882 900 955 938 ubi
987 900 1075 938 iam
1110 902 1420 948 promiserunt.

418 983 443 1008 α
470 983 565 1017 ergo
593 974 692 1009 mire
722 975 876 1018 posuit.

298 1055 411 1084 ILLIO
442 1056 516 1084 UBI
547 1055 672 1084 NIHIL
704 1048 811 1084 nota
843 1045 958 1085 ‘illic’
993 1048 1035 1084 et
1072 1045 1184 1085 ‘ibi’z
1218 1049 1371 1095 aptum
1404 1047 1612 1086 irascenti
1645 1048 1858 1096 repetitio-

246 1121 314 1159 nis
348 1131 501 1169 genus,

416 1196 438 1230 4
469 1205 537 1231 mc
568 1205 639 1231 UBI
668 1206 767 1232 opus
797 1206 867 1231 EST
896 1196 1009 1232 salvo
1040 1197 1203 1241 pudore.

305 1268 330 1305 2
363 1277 475 1305 ILLic
507 1267 667 1315 legitur
699 1270 742 1306 et
769 1268 878 1306 ‘illi'.
908 1269 932 1306 3
962 1279 1037 1306 UBI
1059 1278 1183 1308 NIHIL
1211 1278 1317 1307 opus
1344 1278 1418 1306 EST
1447 1268 1518 1307 ubi
1545 1270 1734 1307 nondum
1762 1279 1856 1318 pro-

247 1343 478 1382 miserunt.
512 1344 538 1382 4
571 1354 633 1381 IBI
666 1353 897 1382 VERENTUR
924 1344 1036 1391 quod
1064 1345 1125 1382 ait
1152 1354 1285 1392 supra
1310 1346 1366 1384 (v.
1395 1345 1496 1384 630)
1521 1344 1577 1382 ‘in
1605 1345 1854 1392 denegando

248 1419 375 1457 modo
406 1419 502 1466 quis
534 1429 574 1467 p.
611 1430 650 1467 p.
683 1420 737 1458 a.’

305 1495 329 1533 3
372 1494 422 1532 Et
463 1504 714 1533 MORALITER
744 1506 889 1534 VERBA
923 1494 1100 1534 Charini
1133 1498 1236 1534 sunt
1268 1496 1425 1544 posita.
1458 1499 1484 1534 4
1517 1507 1566 1534 ET
1600 1506 1687 1534 CUM
1717 1506 1768 1534 Eo
1794 1506 1852 1534 IN·

245 1580 404 1609 IURIAM
430 1581 506 1619 pro
535 1570 600 1609 ‘de
627 1571 815 1610 iniuria.’
845 1574 869 1610 5
897 1582 1180 1609 EXPOSTULEM
1209 1572 1604 1619 expostulatio
1623 1573 1689 1610 est
1707 1572 1853 1610 adver-

245 1656 322 1684 sus
353 1657 471 1693 eum,
505 1656 636 1694 quem
668 1647 948 1695 incusamus;
982 1657 1083 1685 nam
1119 1647 1489 1695 expostulare
1521 1649 1588 1686 est
1617 1648 1852 1694 querellam

245 1722 356 1770 apud
391 1732 490 1761 eum
523 1722 667 1772 ipsum
702 1722 917 1772 deponere
949 1723 1000 1761 de
1034 1733 1083 1761 eo
1115 1723 1224 1772 ipso,
1257 1723 1549 1771 postulare
1581 1724 1727 1761 autem
1754 1733 1854 1770 que-

243 1797 397 1836 rellam
430 1798 572 1837 dicere
605 1798 656 1837 de
690 1798 829 1837 altero
863 1799 977 1847 apud
1010 1798 1213 1837 alterum.

423 1873 440 1907 1
473 1882 545 1907 san
575 1882 668 1914 Qun>
697 1882 813 1909 AGAM
842 1882 1036 1908 ADEAMNE
1064 1882 1119 1908 AD
1148 1882 1231 1908 EUM
1256 1872 1319 1908 hic
1344 1873 1454 1908 locus
1479 1871 1777 1908 deliberationis
1792 1873 1855 1908 est

363 1935 414 1961 an
443 1928 561 1962 adeat
596 1926 864 1971 Pamphilum.
897 1927 918 1961 2
948 1936 1065 1962 UNUM
1096 1927 1285 1962 abundat.

307 1999 324 2035 1
360 2007 560 2036 INGERAM
591 2009 716 2037 MALA
746 2009 791 2037 M.
825 1999 950 2046 quasi
981 1998 1069 2037 tela
1100 1998 1188 2036 ista
1214 2007 1261 2036 se
1288 1998 1398 2036 dixit
1424 1998 1695 2046 ingesturum
1722 1997 1852 2036 mala.

246 2073 271 2110 2
313 2084 456 2119 ATQUE
499 2084 674 2119 Amoms
716 2085 757 2113 D.
800 2084 843 2113 N.
877 2085 915 2113 P.
949 2075 1030 2113 hoc
1063 2074 1190 2112 dicit:
1225 2076 1269 2112 et
1301 2075 1338 2111 si
1372 2074 1540 2112 existat
1571 2073 1748 2121 aliquis,
1781 2073 1853 2120 qui

245 2149 354 2187 mihi
387 2150 501 2189 dicat
535 2150 649 2197 ‘quid
685 2150 971 2199 profeceris’?
1003 2150 1242 2198 respondeo
1275 2145 1508 2188 ‘multum’.

304 2226 330 2263 4
363 2236 583 2264 MoLEsTus
619 2236 752 2265 GERTE
784 2237 827 2264 Er
858 2235 997 2264 FUERo
1025 2226 1106 2264 hoc
1134 2228 1239 2277 estq
1257 2226 1293 2265 si
1321 2225 1428 2263 nihil
1455 2225 1571 2264 aliud
1597 2235 1853 2273 promovero

246 2302 361 2339 certe
405 2301 443 2340 ei
487 2302 704 2341 molestus
736 2302 871 2340 fuero.
907 2304 931 2341 5
964 2311 1107 2347 ATQUE
1137 2312 1278 2340 ANIMO
1312 2312 1355 2340 M.
1390 2311 1428 2340 e.
1460 2301 1544 2340 erit
1573 2301 1740 2339 fructus
1770 2303 1852 2339 ira-

247 2377 429 2416 cundiae
461 2387 517 2416 ex
549 2377 757 2416 vindicta.

421 2452 438 2486 1
470 2461 639 2488 MULTUM
668 2462 749 2488 non
779 2452 1007 2496 subiunxit,
1039 2453 1238 2496 quomodo
1269 2452 1482 2496 ‘multum’‚
1509 2452 1594 2487 sed:
1627 2450 1762 2486 aliud
1791 2450 1850 2485 fa-

364 2505 502 2541 ciam.
546 2508 566 2541 2
612 2506 845 2542 Transitum
888 2506 978 2542 fecit
1016 2507 1180 2542 dicendo
1220 2506 1430 2541 ‘molestus
1463 2506 1566 2540 certe
1596 2505 1629 2539 ei
1659 2504 1795 2539 fuero'.
1827 2503 1847 2538 3

364 2568 533 2594 MULTUM
572 2560 810 2595 subauditur
850 2560 1129 2604 ‘promovero'.
1170 2560 1192 2595 6
1229 2559 1252 2581 *
1288 2560 1336 2595 Et
1366 2569 1434 2603 per
1462 2558 1704 2594 iracundiam
1734 2559 1851 2600 atque

368 2613 710 2656 perturbationem
737 2623 817 2649 non
843 2614 1012 2659 invenit⁷
1038 2613 1130 2657 quid
1155 2614 1208 2649 sit
1234 2613 1447 2658 ‘multum’‚
1465 2613 1569 2648 aliud
1588 2621 1682 2655 ergo
1698 2610 1851 2645 invenit

365 2665 574 2702 ‘molestus
604 2668 640 2703 ei
667 2666 805 2703 fuero)

309 2737 327 2774 1
373 2746 565 2776 CHARmE
598 2749 648 2776 ET
680 2749 739 2776 ME
772 2749 823 2776 ET
856 2748 906 2776 TE
938 2747 985 2775 IN
1017 2748 1054 2776 P.
1089 2737 1198 2776 mire
1232 2739 1275 2775 et
1309 2736 1541 2775 artificiose
1573 2734 1847 2782 Pamphilum

244 2810 346 2849 fecit
372 2812 560 2859 priorem
587 2813 749 2861 alloqui
776 2814 829 2852 ad
856 2813 1208 2862 perfringendam
1238 2812 1508 2851 iracundiam
1537 2810 1732 2849 Charini:
1749 2808 1847 2847 alio-

245 2886 348 2932 quin
394 2887 432 2925 si
473 2889 588 2936 prior
629 2889 860 2927 vociferari
901 2888 1136 2937 potuisset,
1181 2887 1348 2935 tragica
1388 2885 1705 2925 exclamatione
1741 2893 1848 2921 usus

244 2961 414 3002 fuisset.
439 2963 463 3001 2
481 2974 731 3003 IMPRUDENS
749 2966 814 3003 est
831 2963 1023 3002 defensio
1041 2963 1093 3001 ab
1110 2962 1417 3011 imprudentia:
1436 2961 1596 2999 etenim
1613 2959 1697 2997 nisi
1714 2959 1848 2996 bonae

247 3039 364 3076 esset
395 3040 705 3087 conscientiae,
740 3049 978 3087 numquam
1013 3039 1174 3076 diceret
1205 3034 1262 3075 ‘te
1293 3037 1456 3085 perdidi
1482 3034 1772 3084 purgaturns’.
