2242 3443
362 368 386 401 9

349 2400 399 2436 10

1181 238 1261 275 114

516 363 531 399 1
569 373 669 399 romi
702 372 929 400 nmmum
959 383 967 391 ‹
991 363 1261 409 sinimur>
1289 372 1406 400 NUNC
1438 372 1580 399 nunna
1608 371 1736 399 Dam‘r
1760 358 1803 398 τὸ
1821 357 1943 398 αὐτόν
1965 355 2004 399 ¹).
2025 359 2103 408 Ap·

453 446 575 487 paret
601 439 952 490 pronuntiatum,
981 438 1105 486 quasi
1135 438 1216 477 hoc
1234 439 1326 487 ipso
1347 437 1626 476 admonuerit
1640 437 1954 486 spectatorem,
1973 445 2104 483 quam

453 515 638 563 turpiter
665 516 709 553 et
735 515 936 562 imperite
965 515 1072 553 haec
1098 514 1246 553 fabula
1273 515 1437 564 scripta
1463 514 1534 553 sit.
1554 514 1577 551 2
1598 513 1649 552 Et
1666 512 1774 552 bene
1792 510 1923 551 ‘nunc
1939 512 2106 560 nuper’,

454 593 502 629 ut
535 601 590 629 ex
624 591 854 630 vicinitate
887 590 990 629 facti
1024 591 1228 629 ostendat
1260 590 1368 629 nihil
1401 600 1498 629 esse
1526 589 1775 638 dicendum,
1802 598 1935 636 quam
1962 587 2104 637 displi-

454 667 594 705 cuerit
624 667 731 705 haec
763 666 986 705 comoedia
1019 666 1165 705 Luscii
1193 666 1429 715 Lanuvini,
1459 667 1690 715 propterea
1716 664 1828 712 quod
1856 674 1926 703 res
1953 673 2106 703 recens

457 744 517 781 sit
557 745 601 782 et
642 753 798 781 omnes
835 742 1133 781 meminerint.
1165 743 1189 781 3
1224 753 1405 780 PHASMA
1439 743 1589 781 autem
1623 751 1783 780 nomen
1816 739 1991 779 fabulae
2023 739 2104 779 Me-

456 819 611 858 nandri
638 820 723 867 est,
751 819 795 857 in
821 829 906 866 qua
928 828 1118 857 noverca
1139 819 1403 867 superducta
1428 817 1695 856 adulescenti
1713 817 1947 865 virginem,
1973 825 2106 864 quam

457 906 512 934 ex
555 895 697 933 vicino
730 894 919 942 quodam
955 897 1235 943 conceperat,
1270 894 1425 933 furtim
1459 894 1682 943 eductam,
1718 902 1817 931 cum
1851 891 2033 931 haberet
2063 891 2106 930 in

458 971 639 1010 latebris
678 970 792 1018 apud
824 970 1020 1008 vicinum
1054 970 1324 1019 proximum,
1360 970 1440 1009 hoc
1472 969 1602 1008 modo
1635 979 1787 1008 secum
1820 967 2010 1008 habebat
2042 977 2108 1006 as—

458 1047 582 1086 sidue
624 1045 741 1085 nullo
783 1046 979 1084 conscio:
1022 1045 1254 1094 parietem,
1289 1045 1361 1093 qui
1398 1045 1570 1084 medius
1601 1045 1715 1083 inter
1747 1045 1924 1084 domum
1957 1042 2108 1083 mariti

459 1134 509 1162 ac
542 1123 673 1161 vicini
707 1123 870 1171 fuerat,
906 1122 967 1160 ita
995 1122 1197 1171 perfodit,
1228 1124 1273 1160 ut
1302 1122 1395 1170 ipso
1422 1122 1612 1160 transitu
1640 1131 1815 1160 sacrum
1842 1120 1987 1159 locum
2011 1128 2107 1159 esse

457 1199 688 1238 simularet
706 1208 894 1245 eumque
926 1198 1165 1237 transitum
1202 1197 1454 1236 intenderet
1485 1197 1616 1236 sertis
1648 1207 1699 1236 ac
1716 1196 1866 1236 fronde
1884 1195 2000 1236 felici
2017 1205 2109 1234 rem

460 1275 652 1314 divinam
690 1284 821 1323 saepe
855 1274 1020 1313 faciens
1052 1277 1095 1313 et
1127 1276 1305 1313 vocaret
1333 1274 1386 1313 ad
1414 1285 1461 1313 se
1491 1274 1735 1322 virginem;
1763 1273 1876 1322 quod
1903 1283 2003 1312 cum
2021 1272 2108 1311 ani-

460 1351 776 1390 madvertisset
815 1350 1090 1399 adulescens,
1135 1351 1275 1399 primo
1319 1352 1500 1399 aspectu
1532 1349 1738 1399 pulchrae
1774 1349 1960 1398 virginis
1992 1348 2112 1388 velut

460 1427 657 1466 numinis
697 1427 794 1465 visu
837 1427 1066 1475 perculsus
1109 1426 1356 1476 exhorruit,
1402 1429 1454 1474 (a)
1497 1426 1651 1465 deinde
1697 1425 1913 1475 paulatim
1956 1436 2002 1465 re
2043 1435 2109 1464 co·

460 1503 584 1553 gnita
623 1503 792 1542 exarsit
833 1503 876 1540 in
914 1513 1115 1543 amorem
1160 1502 1330 1552 puellae
1366 1502 1449 1551 ita,
1492 1504 1542 1541 ut
1582 1502 1825 1541 remedium
1859 1503 2011 1541 tantae
2043 1511 2110 1540 cu—

462 1579 667 1628 pididatis
694 1579 778 1617 nisi
805 1589 860 1617 ex
888 1579 1054 1627 nuptiis
1081 1588 1166 1617 non
1195 1579 1471 1628 reperiretur.
1500 1580 1654 1627 Itaque
1681 1590 1736 1618 ex
1763 1578 1995 1618 commodo
2021 1587 2111 1616 ma-

462 1656 543 1694 tris
570 1665 621 1694 ac
648 1655 830 1703 virginis
858 1656 901 1693 et
928 1664 983 1693 ex
1010 1656 1112 1693 voto
1140 1655 1355 1693 amatoris
1383 1665 1682 1703 consensuque
1705 1655 1844 1704 patris
1861 1654 2111 1704 nuptiarum

464 1731 715 1771 celebritate
757 1729 891 1769 finem
933 1731 1093 1780 accipit
1124 1730 1285 1770 fabula.
1320 1732 1344 1770 5
1379 1741 1496 1770 NUNC
1528 1742 1674 1770 NUPER
1705 1742 1834 1770 DEDlT
1868 1729 2031 1779 ‘nuper'
2057 1740 2113 1769 ex

463 1807 551 1846 illis
592 1806 737 1845 verbis
779 1808 862 1854 est,
907 1817 1016 1855 quae
1059 1809 1229 1846 veteres
1261 1810 1435 1857 propter
1468 1808 1810 1857 ambiguitatem
1844 1817 1944 1847 cum
1977 1807 2111 1847 adiec-

464 1884 581 1922 tione
612 1882 905 1931 proferebant.
934 1880 993 1935 (a)
1022 1884 1046 1922 6
1077 1894 1182 1922 IDEM
1210 1894 1441 1922 MENANDRI
1467 1895 1649 1923 PHASMA
1677 1894 1795 1923 NUNC
1817 1889 1962 1923 'NUPER
1983 1893 2110 1922 Damni*

465 1959 577 1998 hanc
617 1959 816 1998 fabulam
857 1960 1000 1998 totam
1042 1959 1243 2008 damnat,
1289 1961 1335 1999 ut
1374 1962 1572 2010 apparet,
1607 1961 1802 2009 silentio;
1836 1960 2107 2000 Thesaururn

467 2045 567 2074 vero
599 2045 685 2074 non
717 2037 883 2083 totum,
918 2035 995 2074 sed
1030 2046 1084 2074 ex
1118 2046 1202 2075 uno
1235 2036 1343 2075 loco.

587 2110 609 2143 4
639 2105 661 2130 *
691 2108 836 2144 Utrum
865 2118 961 2153 ergo
989 2109 1063 2145 hoc
1091 2110 1211 2149 dicat,
1242 2111 1347 2154 quod
1376 2111 1504 2147 totam
1532 2111 1707 2147 fabulam
1735 2111 2016 2148 transferendo
2039 2109 2114 2146 lae-

532 2162 630 2197 serit
659 2162 828 2198 Luscius
856 2163 1112 2209 LanuvinuS‚
1141 2174 1191 2200 an
1220 2174 1301 2201 non
1332 2164 1425 2210 hoc,
1455 2166 1502 2201 de
1530 2174 1608 2210 quo
1635 2166 1798 2201 tantum
1828 2164 2113 2210 reprehendat,

535 2217 604 2252 sed
634 2215 697 2251 his
727 2217 854 2261 signis
883 2217 979 2253 velit
1013 2219 1242 2264 ostendere,
1273 2228 1391 2263 quem
1420 2219 1522 2255 dicat
1551 2218 1696 2255 vitiose
1726 2219 1980 2256 Thesaurum
2007 2228 2111 2255 com-

532 2269 736 2315 posuisse,
766 2273 812 2306 ut
840 2271 879 2306 in
907 2271 1113 2307 Thesauro
1138 2273 1192 2308 sit
1216 2273 1349 2320 culpa,
1375 2283 1454 2309 non
1477 2273 1517 2308 in
1544 2273 1791 2309 Phasmate?
1817 2274 1839 2309 5
1865 2283 1891 2309 a
1913 2283 2009 2310 nam
2032 2271 2111 2309 nisi

533 2324 697 2360 adderet
725 2324 871 2369 ‘nunc’,
900 2325 975 2362 hoc
1002 2326 1155 2370 ‘nuper'
1185 2327 1317 2371 olim,
1347 2327 1540 2372 pridem
1570 2326 1693 2363 etiam
1722 2327 2002 2372 significasset.

526 2398 544 2434 1
580 2405 723 2440 ATQUE
751 2407 796 2434 IN
823 2407 1052 2436 THESAURO
1081 2408 1269 2436 scarpsrr
1297 2408 1474 2437 CAUSAM
1491 2409 1644 2437 Dicam:
1664 2397 1948 2438 ‘thesaurum’
1966 2397 2112 2437 Latini

461 2473 632 2511 veteres
663 2473 904 2512 secundum
938 2473 1127 2513 Graecos
1159 2475 1254 2513 sine
1286 2475 1327 2512 N
1358 2474 1507 2513 littera
1538 2474 1828 2523 proferebant.
1857 2474 1882 2513 2
1909 2483 2053 2519 ATQUE
2080 2484 2107 2512 1·

466 2559 537 2586 TH.
582 2557 616 2586 S.
661 2558 695 2586 c.
740 2558 780 2586 D.
823 2549 968 2596 arguit
1010 2549 1243 2589 Terentius
1291 2550 1403 2597 quod
1444 2550 1629 2589 Luscius
1671 2551 1929 2590 Lanuvinus
1960 2551 2112 2590 contra

464 2623 826 2662 consuetudinem
874 2624 1145 2673 litigantium
1187 2625 1487 2665 defensionem
1532 2628 1635 2665 ante
1679 2626 2007 2666 accusationem
2047 2625 2107 2664 in·

464 2699 652 2738 duxerit.
695 2698 960 2738 Huiusmodi
1003 2700 1120 2738 enim
1163 2703 1231 2739 est
1271 2701 1416 2740 Luscii
1460 2703 1794 2749 argumentum:
1830 2701 2106 2749 adulescens,

466 2775 539 2823 qui
581 2784 673 2813 rem
715 2773 983 2813 familiarem
1027 2775 1080 2813 ad
1123 2776 1365 2823 nequitiam
1397 2777 1675 2830 prodegerat,
1710 2777 1936 2816 servulum
1969 2776 2110 2815 mittit

465 2851 518 2889 ad
561 2850 700 2899 patris
741 2852 1098 2899 monumentum,
1144 2851 1257 2899 quod
1300 2861 1437 2890 senex
1468 2853 1552 2891 sibi
1585 2853 1716 2892 vivus
1748 2853 1924 2901 magnis
1955 2851 2108 2901 opibus
2236 2851 2242 2882 Ξ]

465 2928 770 2975 apparaverat,
807 2928 854 2964 ut
879 2926 921 2964 id
940 2927 1128 2974 aperiret
1145 2926 1350 2966 illaturus
1366 2927 1670 2977 epulas‚*quas
1687 2931 1810 2977 pater
1825 2930 1924 2977 post
1941 2937 2105 2967 annum

468 3002 687 3040 decimum
732 3004 908 3040 caverat
947 3001 1097 3040 inferri
1138 3002 1242 3050 sibi;
1287 3003 1363 3042 sed
1406 3014 1506 3042 eum
1551 3014 1728 3054 agrum,
1762 3005 1807 3043 in
1838 3014 1923 3052 quo
1955 3013 2104 3043 monu-

396 3113 418 3155 ¹)
443 3111 541 3153 Quid
566 3111 639 3146 sibi
665 3110 751 3145 velit
777 3114 810 3143 τὸ
834 3116 928 3144 αὐτόν
953 3114 991 3146 et
1017 3111 1116 3147 sitne
1143 3112 1242 3147 iusta
1267 3112 1389 3153 lectio,
1414 3113 1563 3158 ign01·0;
1590 3114 1673 3149 vide
1700 3114 1852 3150 Wessn.
1878 3127 1951 3150 var.
1977 3113 2062 3150 lect.
2127 3142 2130 3147 .
