2242 3443
145 615 221 651 382

142 1140 218 1176 383

145 1437 222 1474 384

144 1736 220 1772 385

143 1812 220 1849 386

139 2262 213 2299 387

139 2445 216 2482 389

139 2795 216 2832 390

137 2871 211 2908 391

1002 215 1056 251 53

287 337 312 375 8
344 347 579 375 INVENERrr
606 348 682 386 pro
712 337 959 376 ‘inveniet'z
990 338 1269 376 coniunctivo
1297 339 1424 377 modo
1452 349 1526 387 pro
1546 340 1780 380 indicativo
1799 353 1902 380 usus

291 414 371 451 est.
405 412 458 451 Et
489 414 558 451 est
590 413 779 452 honesta
810 413 990 452 locutio.

464 487 481 522 l
506 497 702 523 mEErortE
717 487 793 523 hoc
808 488 872 523 est
888 486 1104 523 ‘resistere’
1124 487 1431 523 ‘contradicere‘.
1449 489 1471 522 4
1488 488 1537 524 Et
1554 488 1663 524 ‘sola’
1680 490 1731 524 et‘
1749 490 1900 526 mulier’

405 540 515 576 dixit.
547 542 569 576 5
599 552 697 577 SOLA
725 541 812 577 sine
840 540 989 576 auxillo
1020 550 1063 576 ac
1092 551 1162 585 per
1190 542 1265 577 hoc
1293 542 1516 577 deserta.
1544 542 1564 577 7
1591 553 1615 576 a
1640 543 1675 577 id
1701 545 1763 578 est
1787 545 1900 581 cito.

352 613 372 649 1
408 620 677 656 QUAMOBREM
717 622 861 651 ErcrAT
905 623 942 651 o.
977 612 1131 651 callide
1164 613 1217 651 ad
1250 613 1344 651 eius
1375 612 1615 661 periculum
1649 622 1695 651 se
1728 624 1898 653 conver-

291 686 364 734 tit,
411 687 479 725 cui
520 687 618 735 plus
660 690 833 726 amator
875 688 1004 726 timet
1047 697 1177 735 quam
1221 687 1328 726 sibi:
1370 688 1467 727 ideo
1510 688 1698 727 vincitur
1730 690 1897 728 statim.

289 763 483 811 Apparet
514 764 665 801 autem
699 763 869 802 Davum
904 763 1021 802 male
1054 763 1117 802 sio
1150 773 1290 811 agere,
1326 763 1428 811 quia
1460 773 1560 802 cum
1595 766 1751 803 caveat
1778 765 1899 803 Pam-

289 837 420 886 philo,
463 839 557 876 tum
592 848 692 877 cum
726 838 924 877 maxime
957 838 1165 877 formidat
1198 848 1365 876 senem.
1401 839 1426 876 2
1460 848 1611 877 oppmo
1643 849 1698 878 ex
1730 840 1895 888 oppidO,

292 923 347 952 ex
389 913 584 953 civitate.
628 915 653 953 3
695 925 840 954 EIGIAT
871 915 1059 953 miratur
1091 916 1135 953 et
1167 916 1333 963 stupet.
1366 915 1390 952 4
1426 925 1518 953 cmo
1551 915 1624 954 illo
1656 915 1898 955 admirante

289 989 359 1029 hic
391 990 526 1029 etiam
559 989 854 1029 confirmavit.
889 992 942 1031 (α)

463 1066 485 1099 4
514 1074 539 1099 α
565 1064 715 1100 addidit
741 1064 865 1100 etiam
895 1066 1058 1109 tempus
1087 1063 1316 1100 celeritatis.

349 1137 369 1174 1
400 1146 505 1174 CEDo
535 1135 667 1175 ‘cedo’
694 1136 932 1184 singularis
961 1146 1172 1175 numerus
1190 1137 1275 1184 est,
1298 1134 1440 1176 ‘cette’
1459 1135 1656 1184 pluraliS‚
1677 1138 1725 1174 ut
1742 1136 1821 1174 sal
1837 1148 1859 1173 v
1875 1148 1895 1174 c

288 1211 524 1252 salvete.
560 1212 583 1250 2
617 1222 688 1250 Dic
720 1222 772 1250 TE
803 1222 1040 1251 DUCTURUM
1066 1211 1300 1261 pronuntia
1328 1207 1422 1249 ‘dic‘
1451 1211 1576 1259 quasi
1604 1221 1695 1250 rem
1723 1211 1894 1250 facilem

291 1290 335 1327 et
366 1288 532 1327 nullius
563 1288 830 1336 praeiudicii.

465 1362 487 1398 3
517 1369 581 1398 mo
610 1373 657 1398 TE
686 1372 909 1399 DUCTURUM
936 1363 1010 1399 hoc
1039 1364 1117 1408 est,
1149 1371 1227 1406 quo
1257 1372 1279 1398 a
1307 1360 1500 1406 principio
1530 1360 1744 1397 nitebatur.

354 1435 374 1472 1
407 1444 548 1473 EGONE
585 1445 718 1473 DICAM
750 1433 793 1473 τὸ
821 1434 929 1483 ‘ego’
958 1433 1132 1484 ἔμφασιν
1160 1433 1314 1482 habet,
1339 1433 1419 1471 hoc
1442 1433 1528 1481 est,
1549 1432 1642 1473 vel:
1661 1442 1789 1479 quem
1809 1442 1893 1471 non

292 1511 490 1558 oporteat
521 1511 677 1560 dicere,
711 1511 804 1550 vel:
837 1521 967 1559 quem
995 1521 1082 1549 non
1111 1506 1342 1549 conveniat
1370 1508 1519 1546 fallere
1547 1508 1677 1555 atque
1704 1507 1895 1546 mentiri.

293 1587 317 1624 2
351 1596 434 1626 con
464 1597 552 1626 NON
583 1598 671 1626 non
702 1588 961 1636 interrogat,
995 1587 1072 1626 sed
1104 1586 1364 1626 facilitatem
1398 1585 1459 1623 rei
1491 1583 1695 1623 ostendit.
1729 1584 1753 1621 3
1787 1593 1895 1621 NUM-

290 1672 413 1708 QUAM
444 1663 542 1711 plus
574 1663 706 1702 habet
738 1663 987 1712 negationis
1019 1673 1149 1711 quam
1184 1657 1312 1700 ‘non'.

462 1747 514 1772 EX
542 1747 594 1772 EA
620 1747 672 1773 RE
701 1747 798 1780 QUID
826 1747 918 1773 FIAT
947 1747 1041 1773 VIDE
1071 1738 1143 1772 ἀπὸ
1172 1740 1238 1780 τῆς
1267 1736 1462 1778 ἐκβάσεως.

351 1810 370 1847 1
405 1819 460 1847 ΠΤ
501 1820 559 1848 AB
591 1820 694 1848 ILLA
725 1820 959 1849 EXGLUDAR
989 1819 1073 1848 Hoc
1106 1816 1362 1847 concLUDAR
1395 1806 1504 1844 mire
1536 1800 1668 1843 ‘hoc'z
1703 1803 1890 1842 amicam

285 1885 543 1933 pronomine
575 1884 794 1941 significat
825 1886 976 1925 dicens
1009 1885 1075 1924 ‘ab
1109 1884 1213 1932 illa’,
1246 1883 1349 1921 huic
1380 1891 1459 1920 nec
1491 1890 1648 1919 sexum
1681 1879 1891 1926 servavit,

285 1969 339 1998 ne
382 1970 493 1999 uxor
534 1971 631 2000 esse
674 1961 893 2013 videatur,
937 1961 961 1999 2
1000 1962 1042 1999 et
1073 1970 1128 1999 ex
1159 1959 1353 1998 ferarum
1384 1955 1672 1995 translatione
1707 1952 1892 1992 ‘conclu-

285 2036 376 2075 dar’
408 2037 537 2086 dixit,
572 2038 622 2075 ut
653 2037 756 2076 alibi
784 2036 1051 2077 ‘conclusam
1078 2037 1148 2075 hic
1175 2035 1313 2073 habeo
1340 2042 1524 2072 uxorem
1555 2030 1747 2069 saevam’
1773 2029 1891 2074 (Pho.

287 2113 400 2153 744).
435 2114 459 2151 3
492 2123 547 2151 ΠΤ
579 2124 637 2152 AB
668 2124 771 2152 ILLA
803 2123 1037 2152 ExcLUDAE
1068 2122 1158 2151 HAG
1189 2119 1446 2150 CONOLUDAR
1477 2105 1517 2144 ἐν
1550 2105 1889 2154 ὑποκρίσει,ηθω

283 2187 402 2227 aliud
432 2188 564 2227 infert
595 2191 726 2237 atque
758 2189 978 2237 intellegit
1008 2188 1180 2227 Davum
1214 2186 1366 2224 dicere.

456 2264 475 2299 1
505 2273 638 2299 NEMPE
666 2273 744 2299 Hoc
770 2273 828 2300 sm
854 2273 948 2299 ESSE
972 2271 1117 2298 onnon
1131 2269 1339 2297 morrUEUM
1354 2266 1513 2293 PATREM
1529 2255 1758 2291 coniectura
1772 2254 1890 2296 atque

403 2316 613 2361 divinatio,
643 2326 694 2353 an
722 2318 798 2354 hoc
826 2327 877 2353 an
904 2317 1001 2353 illud
1031 2316 1273 2352 eventurum
1304 2313 1368 2349 sit.
1399 2313 1420 2346 2
1449 2319 1582 2345 NEMPE
1612 2309 1704 2343 cett.
1731 2307 1778 2342 ab
1808 2305 1889 2341 imi-

401 2372 567 2408 tatione.
595 2371 771 2408 Mimesis
801 2371 909 2407 enim
939 2371 1096 2408 dicitur.
1128 2368 1150 2404 3
1179 2378 1312 2404 NEMPE
1339 2374 1416 2402 Hoc
1444 2375 1467 2400 a
1496 2362 1686 2408 possibili.

344 2443 367 2480 2
401 2453 475 2482 Hrc
506 2454 672 2482 REDDEs
703 2454 844 2483 OMNIA
877 2442 972 2482 ‘hic’
1007 2440 1263 2481 adverbium
1295 2437 1380 2476 loci
1412 2445 1497 2474 non
1525 2435 1609 2481 est,
1641 2431 1714 2470 sed
1743 2429 1888 2468 adver-

287 2518 406 2557 bium
447 2520 676 2569 temporis‚
710 2522 760 2558 ut
792 2518 1012 2567 Vergilius
1045 2517 1129 2555 ‘hic
1161 2514 1288 2554 annis
1319 2510 1468 2561 gravis
1500 2510 1629 2556 atque
1663 2516 1699 2544 a.
1733 2515 1789 2543 m.
1823 2504 1889 2542 A.'

286 2594 409 2635 (Aen.
442 2595 482 2635 9.
517 2596 630 2637 246).
664 2596 689 2634 3
722 2605 888 2634 EEDDEs
918 2594 1066 2633 facies,
1100 2589 1158 2641 (α)

458 2669 476 2704 l
508 2679 608 2705 CEDE
645 2678 740 2710 Qun)
768 2677 963 2705 IURGABIT
993 2665 1115 2703 ‘cedo’
1145 2661 1363 2708 singularis
1392 2660 1565 2700 tantum,
1595 2653 1727 2689 ‘cette'
1757 2652 1887 2696 plura-

401 2722 464 2758 lis,
495 2722 517 2758 3
548 2732 570 2757 α
600 2723 807 2758 restitues.
838 2723 861 2758 4
890 2732 988 2758 OEDO
1018 2721 1112 2757 cett.
1141 2720 1188 2755 ab
1218 2716 1318 2753 utili.

340 2803 528 2832 INCERTA
559 2804 615 2832 ΠΤ
648 2804 772 2833 SIENT
805 2794 876 2832 hic
908 2794 975 2832 est
1007 2791 1209 2830 eventus.

346 2869 365 2906 1
411 2879 507 2907 erE
549 2879 656 2908 oMM
698 2879 907 2908 PERICULO
956 2868 1037 2907 hoc
1070 2868 1159 2906 est:
1193 2865 1288 2903 sine
1321 2858 1516 2900 ducenda
1549 2853 1822 2892 Philumena.
1859 2849 1883 2886 2

288 2946 399 2990 [NAM
441 2954 524 2983 Hoc
566 2955 688 2984 ΗΑΠΤ
725 2947 910 2991 ΠΠΒΙΠΜ]
944 2955 998 2983 ne
1032 2941 1280 2982 consentiat
1311 2937 1520 2976 Chremes
1550 2928 1687 2967 filiam
1720 2926 1820 2963 dare
1845 2921 1885 2970 ¹)-

183 3078 207 3121 1)
220 3077 389 3114 Pertinet
411 3079 593 3115 scholium
617 3080 666 3115 ad
690 3083 800 3116 verba
823 3092 855 3115 v.
879 3079 946 3114 393
970 3082 1027 3114 ‘ne
1051 3078 1083 3113 is
1108 3077 1229 3112 mutet
1250 3070 1477 3109 sententiam
1501 3059 1630 3100 suam'·
