2242 3443
150 335 226 372 400

149 1063 224 1100 401

148 1365 225 1403 404

146 1730 223 1765 403

144 2384 222 2421 405

145 2514 221 2551 406

147 2783 217 2819 107

1001 210 1054 245 55

356 331 374 368 1
411 340 589 370 PUERUM
631 340 780 367 AUTEM
822 339 878 368 ΝΕ
911 340 1139 370 3030130111
1162 328 1186 372 ¹)
1222 333 1395 371 videtur
1429 332 1509 371 hoc
1542 332 1604 370 illi
1638 336 1902 373 contrarium

294 417 407 454 esse,
452 406 564 455 quod
607 405 718 444 dixit
760 404 979 454 ‘quicquid
1021 408 1261 456 peperisset
1305 409 1342 447 d.
1383 410 1429 446 t.’
1464 410 1518 449 (v,
1554 408 1673 455 229);
1708 410 1770 447 sic
1803 421 1903 458 ergo

295 482 500 521 solvitur:
534 482 647 530 quod
679 482 737 520 ibi
769 491 925 520 servus
958 492 1056 521 cum
1090 484 1320 522 stomacho
1354 484 1481 532 dixit,
1512 484 1580 522 hic
1607 487 1756 522 tamen
1784 485 1903 524 Parn-

293 557 462 606 philum
506 557 748 597 verecunde
792 557 990 596 locutum
1033 559 1286 607 accipimus.
1323 559 1346 597 2
1381 569 1561 597 PUERUM
1593 570 1741 597 AUTEM
1775 570 1828 598 NE
1861 572 1898 598 n.

291 643 396 672 num
438 634 605 672 divinat
645 643 700 671 an
746 631 957 681 ‘puerum’
1001 643 1079 681 pro
1122 634 1318 682 quolibet
1353 644 1483 683 sexu,
1529 636 1552 673 3
1586 636 1639 676 (α)
1672 637 1720 673 ut
1752 635 1901 674 Graeci

293 719 449 757 pueros
476 708 656 754 παῖδαςὶ)
683 708 903 747 Homerus
931 707 1146 759 (Πριάμοιό
1175 724 1211 747 τε
1240 709 1389 754 παῖδες’
1419 710 1482 750 111.
1516 712 1551 749 1.
1582 711 1680 750 255)
1709 713 1750 749 et
1770 711 1901 749 Hora-

293 785 381 823 tius
414 784 569 823 ‘dicam
602 785 646 823 et
677 784 875 823 Alcidem
907 794 1152 833 puerosque
1184 781 1338 824 Ledae'
1372 786 1421 826 (c.
1458 787 1493 824 1.
1533 787 1597 824 12.
1632 786 1715 833 25).
1747 788 1771 824 4
1800 796 1899 825 CAU-

292 871 361 899 ⁷r10
393 870 468 899 EST
502 860 701 899 cautione
734 870 844 908 opus
877 863 958 899 est.
995 861 1049 902 (a)

465 934 487 969 3
518 943 542 968 α
570 933 774 978 Subolem,
800 934 876 970 hoc
900 936 963 970 est
987 934 1125 980 filium,
1151 935 1368 982 significat,
1395 939 1439 973 ut
1464 935 1655 979 ‘quicquid
1680 936 1902 980 peperisset

413 988 448 1024 d.
478 988 520 1023 t.'
553 989 575 1022 4
605 999 628 1024 α
656 988 730 1024 1100
760 989 824 1024 est
851 989 1075 1025 cavendum
1105 990 1181 1027 est.

359 1059 379 1097 1
418 1069 514 1097 NAM
552 1069 805 1098 POLLICITUS
842 1070 929 1099 SUM
962 1070 1272 1100 suscEPrURUM
1303 1060 1536 1109 promissio
1569 1062 1612 1099 et
1644 1060 1900 1108 pollicitatio

292 1135 476 1173 eandem
510 1135 598 1173 vim
630 1135 811 1185 habent,
845 1136 920 1174 sed
951 1136 1209 1185 pollicitatio
1242 1137 1420 1175 maioris
1452 1136 1795 1174 asseverationis
1822 1138 1901 1173 est.

294 1211 318 1249 2
366 1220 488 1250 HANG
535 1221 668 1249 FIDEM
711 1211 814 1250 ordo
853 1214 943 1250 est:
981 1214 1028 1250 ut
1059 1213 1172 1251 hanc
1204 1211 1335 1251 fidem
1369 1212 1517 1251 darem
1550 1211 1652 1259 sibi,
1686 1221 1756 1249 me
1789 1210 1905 1249 obse-

295 1286 450 1336 cravit,
487 1286 559 1335 qui
590 1286 759 1335 <se>
790 1287 921 1326 sciret
954 1297 1040 1326 non
1074 1288 1366 1327 deserturum.

352 1372 601 1401 CURABITUR
641 1372 727 1401 non
770 1363 969 1412 ‘curabo‘‚
1003 1364 1079 1402 sed
1110 1363 1466 1412 impersonaliter
1499 1373 1598 1402 cum
1631 1361 1902 1410 difficultate,

295 1438 407 1485 quod
439 1438 565 1486 quasi
598 1438 784 1477 arduum
818 1440 885 1477 est
919 1441 961 1477 et
993 1449 1144 1489 grave,
1179 1440 1289 1478 dixit
1312 1436 1355 1480 ²).

1019 1591 1045 1629 4

354 1726 373 1763 1
413 1735 565 1764 REVIso
604 1735 707 1771 QUID
741 1735 890 1764 AGANT
923 1736 1010 1764 AUT
1043 1735 1147 1771 QUID
1180 1737 1214 1765 c.
1250 1737 1285 1764 c.
1319 1727 1427 1765 haec
1459 1734 1618 1763 scaena
1648 1724 1808 1762 nodum
1842 1724 1899 1762 in·

290 1801 428 1840 nectit
465 1801 623 1842 erroris
654 1801 827 1840 fabulae
861 1803 904 1840 et
936 1802 1177 1850 periculum
1210 1802 1449 1849 comicum;
1482 1800 1585 1838 facit
1619 1799 1750 1838 etiam
1783 1808 1900 1837 exse-

294 1876 514 1915 cutionem
548 1877 847 1916 consiliorum.
881 1878 905 1915 3
934 1876 984 1915 Et
1009 1877 1121 1925 quod
1149 1887 1281 1926 supra
1308 1877 1420 1915 dixit
1446 1886 1530 1914 non
1558 1874 1770 1923 paenituit
1786 1874 1899 1912 idem

291 1953 487 2001 repetere
522 1936 743 1992 ‘observes
775 1951 934 2002 filium,
969 1953 1071 2000 quid
1104 1954 1226 2001 agat,
1255 1952 1358 2000 quid
1385 1961 1482 1990 cum
1511 1951 1585 1989 illo
1613 1950 1783 1989 consilii
1809 1959 1901 1997 cap-

291 2028 368 2067 tet’
401 2034 457 2074 (V.
497 2027 608 2068 170).
642 2028 699 2081 (α)
734 2029 760 2067 4
792 2038 945 2067 REVISO
978 2028 1106 2067 redeo
1139 2029 1188 2067 ut
1221 2028 1408 2066 videam.

464 2104 484 2136 2
516 2100 537 2122 *
565 2111 707 2137 11017130
731 2103 825 2138 cett.
850 2104 940 2146 πρὸς
969 2104 1011 2136 τὸ
1037 2102 1142 2146 ‘quid
1167 2102 1303 2145 agant'
1327 2101 1489 2136 auribus
1514 2101 1577 2135 est
1603 2108 1716 2144 opus,
1741 2100 1830 2142 πρὸς
1857 2100 1900 2133 τὸ

409 2155 515 2199 ‘quid
543 2157 718 2201 captent'
749 2156 962 2200 prudentia
990 2157 1030 2191 et
1059 2155 1291 2199 sagacitate.
1324 2156 1345 2190 3
1377 2164 1400 2188 a
1428 2153 1450 2175 *
1474 2154 1578 2197 quod
1603 2153 1709 2188 enim
1735 2153 1900 2196 pruden-

408 2211 472 2245 ter
501 2209 651 2246 dictum
680 2210 816 2254 fuerit,
846 2219 926 2245 non
955 2210 1066 2254 piget
1092 2210 1296 2254 repetere;
1326 2208 1428 2244 actio
1453 2209 1589 2243 tamen
1615 2217 1665 2242 ex
1688 2206 1749 2241 his
1774 2206 1900 2240 tribus

408 2264 614 2300 consistit:
654 2264 910 2308 cogitatione,
941 2264 1118 2308 dicendo,
1148 2264 1335 2308 gerendo.
1366 2264 1388 2297 5
1419 2271 1513 2303 Quin
1540 2270 1675 2296 AGAN‘r
1703 2259 1793 2303 quid
1823 2269 1899 2294 res-

412 2319 635 2362 pondeant,
666 2319 757 2362 quid
788 2318 931 2353 dicant.

464 2384 486 2406 ³³
516 2397 584 2423 HIC
617 2396 725 2423 NUNC
748 2397 829 2423 NON
844 2395 1022 2422 DUBITAT
1046 2395 1128 2421 non
1154 2385 1254 2420 dixit
1278 2381 1522 2434 ‘senex'jaut
1550 2383 1699 2428 ‘pater’⁷
1725 2382 1791 2417 sed
1816 2381 1902 2416 ‘hic’

409 2450 500 2476 cum
531 2441 631 2487 odio,
661 2441 849 2485 quoniam
878 2450 1021 2476 averso
1050 2439 1185 2475 animo
1213 2439 1402 2482 loquitur.

353 2512 372 2550 1
401 2522 458 2550 Ex
485 2522 588 2551 s0Lo
614 2523 719 2551 Loco
747 2511 868 2551 ‘solo’
898 2513 1083 2560 deserto,
1116 2510 1187 2549 ubi
1214 2510 1420 2548 meditari
1446 2508 1616 2547 facilius
1643 2506 1794 2555 possit.
1822 2505 1899 2542 Me-

292 2588 456 2626 nander
493 2587 706 2639 (εὑρετικὸν
738 2583 845 2626 εἶναί
875 2598 975 2636 φασι
1006 2585 1079 2636 τὴν
1111 2584 1280 2637 ἐρημίαν
1313 2584 1355 2623 οἱ
1382 2582 1449 2630 τὰς
1481 2580 1607 2633 ὀφρῦς
1638 2581 1841 2631 αἴροντεςῖ

465 2662 486 2696 2
523 2661 546 2683 *
582 2672 700 2697 VENIT
738 2671 966 2697 MEDITATUS
991 2670 1192 2696 ALIOUNDE
1215 2661 1363 2703 terror,
1390 2656 1635 2700 obiurgaturi
1664 2654 1787 2699 patris
1817 2653 1900 2688 hor·

408 2715 510 2751 tatio
536 2717 599 2752 est
627 2717 675 2751 ad
704 2716 1022 2760 promittendum
1052 2713 1260 2758 Pamphilo
1289 2713 1393 2756 quod
1423 2711 1594 2746 iubetur.

459 2784 510 2819 Et
538 2784 786 2820 ‘orationem’
819 2784 919 2819 dixit
947 2785 1052 2827 quod
1076 2783 1192 2827 quasi
1222 2783 1269 2817 ad
1299 2781 1461 2826 plenum
1489 2777 1654 2823 cogitari
1682 2775 1898 2820 potuisset,

410 2837 554 2882 quippe
583 2838 817 2874 ’meditatus
848 2838 1031 2873 alicunde
1061 2846 1111 2872 ex
1141 2836 1226 2872 solo
1256 2835 1365 2871 loco'.

192 2959 215 3002 ¹)
240 2959 431 2995 Scholium
457 2961 569 2996 etiam
595 2961 642 2995 ad
668 2961 868 3005 sequentia
893 2960 1070 3005 pertinet.

158 3011 162 3013 “
188 3011 213 3054 ²)
238 3011 323 3047 Non
347 3013 532 3048 immerito
556 3013 785 3049 Wessnerus
810 3015 919 3058 putat
943 3012 1127 3047 scholium
1151 3011 1388 3046 intercidisse
1413 3008 1460 3043 ad
1487 3008 1586 3041 hunc
1612 3016 1754 3039 versum
1771 3004 1816 3038 de
1831 3003 1897 3038 lec·

144 3063 246 3100 tione
270 3069 370 3101 ‘cave
395 3078 441 3102 ne
465 3066 525 3107 te',
550 3079 660 3112 quam
688 3067 953 3101 commemorat
975 3064 1130 3100 Servius
1154 3063 1201 3098 ad
1227 3063 1363 3106 Georg.
1390 3062 1418 3095 1.
1441 3060 1497 3095 96.
