2242 3443
314 805 363 840 38

312 1564 362 1600 39

310 2670 357 2706 41

1184 213 1207 248 8

612 338 626 369 1
670 333 690 355 *
730 344 809 369 seis
840 343 923 369 FECI
955 343 1003 368 Ex
1031 342 1155 368 sici-’avo
1186 343 1237 368 UT
1269 343 1385 368 ussus
1415 343 1450 368 1..
1480 343 1519 367 Μ.
1551 332 1706 368 dulcem
1735 331 1963 369 libertatem
1986 331 2077 368 fecit

555 388 789 434 operatione
828 391 866 423 et
906 387 1145 423 tractatione
1184 387 1396 423 verborum
1431 386 1612 422 dicendo:
1643 396 1693 422 ex
1724 395 1842 422 servo
1869 386 2077 431 libertum;

556 452 633 477 non
679 443 782 478 enim
824 443 983 477 tantum
1025 441 1187 477 haberet
1225 440 1415 485 gratiam,
1444 440 1476 476 si
1524 440 1693 477 dixisset
1723 439 1808 476 ‘feci
1835 439 2005 477 libertus
2033 441 2080 477 ut

558 506 690 539 esse3‚
732 497 752 530 2
792 496 860 530 sed
901 496 962 530 ‘ex
999 503 1117 530 servo
1154 497 1200 530 ut
1228 504 1342 531 esses
1376 494 1558 530 libertus’
1597 504 1640 530 ac
1678 494 1713 529 si
1742 494 1831 538 quis
1861 495 1965 531 dicat
1994 493 2080 532 ‘feci

556 553 599 585 ut
643 560 758 586 esses
802 551 938 585 sanus·
983 558 1061 584 non
1107 551 1267 585 tantum
1309 548 1475 585 haberet
1517 549 1706 593 gratiam,
1745 556 1866 592 quam
1904 549 1939 584 si
1974 548 2077 586 dicat

554 604 637 639 ‘ieci
681 614 731 639 ex
774 612 893 647 aegro
935 612 1059 639 sanus
1101 603 1241 638 esses‘.
1281 603 1305 638 4
1344 604 1427 638 Aut
1463 602 1551 639 ideo
1589 602 1709 638 ‘mihi'
1751 602 1947 647 additum,
1985 603 2079 647 quia

553 658 781 693 libertus
807 659 852 693 ad
883 657 1024 701 aliquid
1057 657 1212 692 dicitur.
1243 659 1264 692 5
1295 656 1386 692 Mihi
1416 657 1516 692 bene
1544 656 1667 692 ‘mihi’
1697 666 1747 694 ne
1775 656 2080 702 pertimesceret

554 712 694 754 filium,
726 712 786 747 cui
818 721 889 747 nec
916 711 1046 747 liberti
1075 721 1226 747 munus
1256 711 1438 747 debebat.

497 802 514 838 1
552 809 839 838 LIBERALITER
872 800 977 838 bene
1010 802 1085 846 (α);
1115 799 1227 838 idem
1264 798 1365 837 alibi
1400 798 1579 838 ‘factum
1613 800 1681 838 est
1713 809 1738 838 a
1762 798 1888 838 nobis
1914 798 2078 838 duriter

427 877 896 924 inmisericorditerque
939 878 1000 925 et,
1044 876 1081 914 si
1124 878 1211 924 est,
1260 877 1402 924 pater,
1447 875 1682 914 dicendum
1721 875 1865 923 magis
1907 876 2077 924 aperte,

431 952 726 992 inliberaliter’
769 953 862 997 (Ad.
905 953 988 991 662
1034 956 1165 999 SQQ.);
1211 952 1235 990 2
1285 955 1328 990 et
1370 952 1476 990 bene
1517 951 1768 1000 admonuit,
1804 961 1879 990 cur
1911 951 2078 990 dederit

432 1026 707 1076 beneficium,
757 1028 908 1066 eadem
951 1030 994 1067 et
1036 1038 1149 1066 nunc
1190 1028 1330 1067 officia
1362 1028 1655 1076 quaesiturus.
1689 1030 1743 1072 (a)
1777 1028 1802 1067 3
1837 1037 1952 1073 QUOD
1983 1037 2077 1066 SER-

431 1113 587 1142 vrnBAs
630 1103 736 1142 bene
778 1103 1029 1152 imperfecto
1074 1106 1273 1152 tempore
1317 1107 1392 1154 (a),
1437 1103 1564 1152 quale
1601 1105 1668 1142 est
1697 1103 1804 1142 iliud
1836 1102 2077 1151 Vergilium

434 1179 575 1227 ‘atque
607 1180 749 1218 omnis
780 1190 818 1228 p.
853 1190 910 1218 m.
945 1190 978 1219 c.
1015 1180 1042 1218 f.
1080 1181 1123 1219 i.’
1159 1182 1280 1225 (Aen.
1315 1181 1354 1220 6.
1393 1182 1504 1226 113).
1538 1180 1590 1225 (b)

608 1255 625 1289 1
656 1264 681 1289 a
710 1254 801 1297 quia
829 1263 945 1290 omne
972 1255 1124 1290 bonum
1147 1255 1268 1291 libero
1294 1257 1435 1299 aptum
1460 1256 1541 1300 est,
1567 1253 1718 1290 malum
1744 1263 1875 1289 servo.
1901 1253 1922 1288 2
1949 1263 1974 1289 a
1997 1262 2076 1288 non

552 1307 658 1343 enim
696 1308 795 1343 dixit
829 1308 1066 1345 ‘artificiose’
1088 1307 1127 1353 ¹),
1157 1310 1250 1353 quia
1279 1319 1403 1354 supra
1431 1312 1482 1351 (v.
1515 1309 1590 1351 32).
1623 1309 1678 1344 ait
1707 1307 1820 1343 'nihil
1845 1308 1947 1343 istac
1975 1317 2077 1352 opus

551 1363 614 1398 est
643 1363 754 1398 arte’.
785 1362 807 1397 3
833 1374 857 1396 (ι
880 1373 961 1399 non
988 1363 1177 1408 perfecto,
1204 1366 1250 1400 ut
1274 1365 1465 1400 ostendat
1489 1362 1672 1408 potuisse
1695 1372 1788 1399 eum
1812 1363 1933 1398 etiam
1959 1364 2079 1406 atque

550 1416 672 1452 etiam
702 1417 866 1454 servire.
896 1418 915 1453 b
943 1419 990 1452 ut
1018 1418 1206 1453 ostendat
1235 1427 1347 1464 eum,
1377 1418 1562 1462 quamvis
1583 1416 1782 1453 invalidus
1807 1418 1918 1452 esset
1940 1417 2076 1451 tamen

551 1470 679 1506 adhuc
707 1470 890 1514 potuisse
918 1470 1096 1507 laborem
1126 1472 1377 1516 exitiumque
1404 1472 1520 1508 ferre.

493 1562 510 1597 1
542 1569 730 1598 SUMMUM
758 1570 949 1598 PRETmM
976 1560 1222 1600 libertatem
1243 1561 1361 1600 dicit.
1386 1562 1410 1600 3
1439 1571 1646 1600 PERsonvr
1664 1571 1752 1599 ΤΙΒΙ
1771 1560 1968 1599 modeste
1986 1568 2074 1608 pre·

427 1635 538 1673 tium
586 1635 799 1674 redditum
849 1636 979 1685 dixit,
1024 1647 1108 1675 non
1153 1636 1375 1676 beneficiis
1419 1639 1743 1686 praerogatum.
1788 1637 1813 1675 2
1867 1645 2076 1674 PERsonw

427 1721 514 1749 r1131
547 1711 647 1758 quia
679 1706 897 1759 ‘pretium’
930 1711 1104 1751 dixerat
1138 1711 1361 1762 ‘persolvi’
1395 1712 1499 1751 dicit
1525 1712 1708 1761 proprie.

492 1805 511 1841 1
548 1812 593 1840 m
626 1813 826 1841 MEMORIA
859 1814 1005 1842 HABEo
1038 1804 1120 1843 hoc
1153 1806 1244 1843 est:
1274 1815 1361 1844 non
1389 1815 1488 1844 sum
1517 1804 1729 1853 ingratus.
1755 1804 1780 1843 2
1808 1815 1935 1844 HAUD
1961 1815 2008 1844 M.
2036 1815 2074 1844 F.

430 1880 619 1918 vetuste:
654 1888 738 1917 non
772 1889 842 1918 me
870 1880 1080 1929 paenitet,
1111 1891 1214 1919 nam
1242 1881 1281 1919 si
1303 1881 1407 1929 quid
1434 1881 1695 1930 paeniteret,
1724 1872 1937 1920 infectum
1964 1880 2076 1920 velle

429 1955 650 2000 dicebant;
684 1957 708 1993 4
754 1965 807 1993 an
848 1956 1089 1994 secundum
1132 1957 1200 1995 ius
1243 1957 1356 2003 quod
1399 1957 1636 1996 adversum
1668 1956 1849 1996 libertos
1880 1957 2077 2006 ingratos

429 2033 513 2080 est,
558 2032 606 2069 ut
637 2031 680 2069 in
717 2031 976 2070 servitutem
1019 2033 1313 2072 revocentur?
1345 2033 1421 2071 sed
1454 2033 1536 2072 hoc
1568 2042 1653 2071 non
1688 2033 1892 2072 convenit
1922 2043 2075 2072 senem

430 2107 583 2146 dicere.
627 2108 651 2146 6
693 2103 817 2146 nimo
858 2118 904 2145 M.
945 2119 982 2147 F.
1022 2108 1184 2157 legitur
1217 2112 1260 2148 et
1295 2108 1478 2158 ‘multo‘,
1508 2109 1591 2148 hoc
1624 2110 1692 2148 est
1724 2109 1902 2159 damno,
1936 2119 2074 2158 repre·

431 2183 570 2222 hendo
604 2186 673 2228 (a).

603 2258 624 2293 3
655 2258 819 2303 Legitur
847 2258 1000 2295 ‘muto'.
1032 2261 1054 2295 5
1086 2255 1108 2278 ⁴²
1132 2270 1172 2295 m
1198 2270 1384 2297 MEMORIA
1407 2271 1543 2297 HABEo
1567 2262 1657 2306 plus
1681 2261 1781 2297 dixit
1805 2260 1858 2297 ‘in
1882 2260 2077 2297 memoria

549 2311 701 2356 habeo’,
740 2321 859 2356 quam
899 2315 932 2348 si
971 2314 1140 2360 diceret,
1182 2316 1305 2361 ‘scio'‚
1342 2325 1437 2350 nam
1475 2325 1577 2360 quae
1614 2316 1822 2361 scimus,
1852 2324 2075 2360 possumus

550 2365 747 2408 oblivisci,
773 2376 874 2410 quae
897 2377 991 2403 vero
1016 2369 1293 2405 memoriae
1317 2370 1577 2413 mandamus,
1599 2379 1820 2413 numquam
1836 2369 2074 2406 amittimus.

549 2420 571 2454 6
607 2429 632 2453 α
667 2418 689 2440 *
724 2422 828 2464 quod
861 2420 896 2456 si
928 2423 1011 2465 est,
1039 2422 1096 2458 sio
1123 2422 1427 2467 intellegeretur
1456 2424 1550 2460 ‘non
1583 2424 1733 2461 nollem
1761 2423 2073 2470 factum’,nemo

542 2473 649 2508 enim
688 2476 822 2518 potest
859 2474 1008 2511 factum
1046 2476 1240 2513 infectum
1276 2479 1452 2514 reddere.
1485 2478 1505 2514 7
1537 2478 1613 2514 Sed
1646 2478 1926 2514 adverbialiter
1953 2477 2074 2522 dixit,

548 2529 593 2561 ut
630 2527 798 2563 dicimus
837 2528 998 2565 ‘nollem
1035 2529 1199 2567 factum'
1236 2532 1396 2568 ‘nollem
1425 2532 1504 2568 huc
1532 2530 1701 2568 exitum’
1731 2532 1819 2574 (Ad.
1850 2531 1939 2568 165.
1970 2532 2072 2574 775).

549 2581 572 2616 8
601 2581 704 2625 Ergo
733 2582 851 2618 ‘haud
882 2586 994 2620 muto
1022 2584 1186 2621 factum’
1217 2595 1298 2621 non
1328 2596 1393 2622 me
1423 2586 1604 2630 paenitet
1633 2585 1739 2622 facti.

481 2667 505 2705 2
546 2678 721 2708 GAUDno
763 2680 801 2708 sr
844 2681 931 2710 TIBI
964 2681 1002 2716 Q.
1038 2683 1074 2710 F.
1110 2683 1152 2711 A.
1187 2684 1223 2712 F.
1260 2683 1297 2718 Q.
1327 2684 1364 2712 P.
1400 2672 1647 2712 Felicitatis
1679 2674 1747 2712 est
1778 2675 1828 2713 ut
1861 2683 1929 2722 ea,
1963 2682 2075 2722 quae

427 2743 642 2793 facienda,
677 2747 803 2793 grata
835 2747 936 2785 sint.
972 2748 996 2786 3
1030 2759 1070 2786 SI
1102 2759 1191 2787 TIBI
1222 2758 1326 2794 QUID
1360 2759 1436 2797 pro
1470 2749 1645 2797 aliquid.

603 2820 620 2853 1
662 2828 697 2854 sr
734 2829 815 2855 'rmr
857 2831 952 2863 QUID
991 2833 1078 2858 Fncr
1115 2833 1199 2858 AUT
1235 2833 1351 2859 FACIO
1391 2833 1496 2866 QUOD
1532 2833 1711 2860 PLAOEAT
1741 2832 1832 2860 smo
1861 2824 1901 2860 et
1928 2822 2072 2860 fecisse

547 2880 593 2908 se
621 2873 661 2908 et
687 2872 815 2910 facere
849 2876 1043 2923 ostendit,
1073 2877 1259 2921 quamvis
1289 2887 1413 2914 manu
1443 2878 1619 2914 emissus
1647 2878 1724 2914 est.

356 3082 378 3125 ¹)
403 3082 489 3117 Seii.
514 3096 580 3128 pro
605 3084 843 3121 ‘liberaliter-¹.
