2242 3443
328 226 351 253 Α
361 225 518 253 01311111
1166 222 1251 261 304

328 339 401 374 176

327 649 399 685 177

326 775 400 809 178

325 836 400 871 179

324 898 395 933 181

323 1084 398 1120 183

323 1209 397 1245 186

320 1334 394 1369 191

319 1395 394 1431 192

321 1457 396 1494 194

319 1520 394 1555 196

316 1706 393 1743 199

314 1831 388 1868 201

314 1894 391 1931 205

313 2017 387 2054 207

312 2080 388 2116 210

310 2142 386 2178 212

310 2203 387 2239 213

310 2265 387 2301 214

310 2327 386 2363 215

310 2450 387 2487 220

309 2512 386 2549 225

312 2575 388 2611 226

310 2760 386 2797 228

308 2823 386 2859 229

307 2884 382 2920 237

307 2945 385 2981 239

307 3006 381 3043 241

308 3130 383 3167 242

485 340 506 376 2
547 342 636 377 ‘cito
675 344 865 380 ostendit'
907 345 1082 382 Rabbow
1124 348 1170 381 de
1213 347 1311 383 Don.
1351 358 1382 384 c.
1427 347 1525 384 1897
1567 358 1602 393 p.
1644 348 1720 386 309
1759 349 1850 385 adn.
1880 349 1950 386 20:
1981 353 2088 396 ‘ergo

432 403 535 437 cito
565 403 669 440 dicta
697 408 795 441 sunt
826 417 926 450 quae
955 409 1025 443 aut
1050 409 1237 453 expedite
1260 411 1472 446 occurrant
1497 412 1569 446 aut
1593 411 1707 456 plura
1727 411 1848 447 simul
1873 412 2089 456 expediunt

432 473 512 498 una
550 467 774 511 sententia;
807 469 881 503 erit
912 469 1034 513 igitur
1063 470 1234 506 formula
1263 472 1461 514 quaedam
1492 473 1843 517 interpretationis
1871 473 2092 510 rhetoricae

431 535 510 568 qua
552 530 671 571 poeta
710 530 904 566 facundus
943 532 1072 567 multa
1100 533 1252 568 dixisse
1285 543 1367 569 una
1395 534 1600 570 sententia
1627 535 1926 579 adnotabatur',
1953 534 1999 571 cf.
2029 536 2088 572 Ad

432 587 494 624 33.
525 589 560 625 8.
673 591 695 627 3
726 592 825 627 Eun.
860 593 971 630 1190.
1005 596 1038 631 1.

488 652 506 686 1
538 652 696 689 initium
735 655 895 702 falsum,
932 666 1034 700 quae
1074 660 1211 694 autem
1242 661 1492 702 sequuntur:
1525 659 1583 695 ‘ut
1613 659 1705 703 quid
1735 658 1805 695 tibi
1835 659 1959 695 debeo
1990 660 2088 704 sqq.'

431 712 616 758 imperite
646 716 826 752 derivata
855 720 953 753 sunt
983 727 1003 753 e
1031 718 1130 755 Don.
1161 719 1197 756 3.

482 775 707 813 differentia
735 789 991 824 nequaquam
1021 790 1130 828 vera,
1159 781 1205 818 cf.
1236 783 1358 818 etiam
1388 793 1424 818 v.
1458 783 1532 819 157
1561 784 1601 820 et
1634 782 1720 820 179.
1749 782 1785 820 3.

483 837 506 873 3
537 839 725 876 habere
755 842 800 877 cf.
827 841 914 878 389.
946 843 983 880 2.

483 900 501 934 1
541 901 777 945 interpunxi
814 907 909 940 ante
949 906 1061 941 ‘ideo'
1104 907 1144 941 et
1187 906 1316 942 levius
1346 908 1442 943 ante
1471 907 1596 943 schol.
1629 907 1665 944 2.
1696 907 1883 943 Ceterum
1912 906 2005 951 quid
2033 906 2086 943 sit

430 961 518 997 ‘sub
555 973 633 1007 qua
671 974 836 1002 necesse
866 969 952 1003 erat
981 968 1163 1012 captivos
1194 969 1333 1005 vinciri
1362 970 1583 1014 ducique
1613 979 1700 1014 per
1728 969 1974 1014 pompam'
2004 978 2084 1006 non

427 1023 629 1070 intellego.

482 1086 505 1122 2
544 1088 591 1124 cf.
630 1088 718 1126 360.
748 1090 783 1126 3.
823 1092 923 1126 Eun.
964 1091 1051 1128 235.
1085 1094 1118 1129 1.
1201 1093 1224 1129 3
1263 1092 1522 1138 languidum;
1553 1094 1704 1138 quasi
1734 1093 1924 1138 frequens
1953 1095 2018 1129 est
2044 1093 2084 1129 in

427 1148 549 1187 schol.
581 1152 742 1198 spuriis,
773 1162 806 1188 e.
838 1163 875 1197 g.
904 1156 979 1190 An.
1010 1154 1097 1198 249,
1130 1155 1218 1202 252,
1248 1155 1337 1202 306,
1368 1155 1457 1200 476,
1488 1158 1562 1194 etc.

483 1211 500 1246 1
527 1212 572 1248 cf.
602 1213 688 1249 220.
707 1215 742 1260 2,
768 1215 856 1251 820.
883 1217 982 1252 Eun.
1012 1217 1097 1255 131.
1115 1219 1152 1262 4,
1178 1219 1253 1254 hoc
1276 1206 1417 1255 tamen
1441 1219 1527 1256 loco
1549 1218 1640 1255 ‘res‘
1664 1217 1916 1263 intellegitur
1943 1226 2085 1262 nego-

427 1273 567 1317 tium,
599 1278 644 1311 ut
674 1276 772 1312 Don.
804 1278 907 1314 dixit
935 1280 983 1314 ad
1017 1279 1112 1324 185;
1144 1281 1267 1317 etiam
1297 1281 1322 1317 2
1352 1281 1466 1317 valde
1495 1282 1735 1326 suspectum
1765 1282 1841 1316 est.

480 1335 504 1371 2
536 1336 581 1372 cf.
614 1338 702 1374 728.
732 1339 767 1375 2.
796 1340 891 1376 Hec.
927 1341 1012 1378 196.

477 1397 501 1433 2
538 1398 697 1436 Donato
726 1402 812 1437 dari
840 1413 919 1439 non
950 1404 1096 1449 potuit,
1125 1405 1192 1449 qui
1220 1405 1261 1440 in
1289 1405 1312 1441 3
1342 1415 1412 1450 per
1439 1405 1692 1441 idiotismum
1721 1404 1779 1440 sic
1804 1404 1877 1440 dici
1907 1403 2082 1449 scripsit.

479 1459 524 1495 cf.
553 1461 655 1497 Eun.
685 1462 773 1499 805.
803 1464 840 1499 4.

478 1521 501 1558 2
538 1523 577 1558 in
617 1524 826 1562 Wessneri
858 1537 949 1572 app.
974 1528 1063 1564 vide
1087 1529 1196 1566 hunc
1219 1540 1385 1566 versum
1410 1530 1572 1566 Terenti
1595 1529 1784 1566 omnibus
1808 1527 2083 1573 grammaticis

423 1593 494 1627 pro
532 1586 720 1631 exemplo
757 1587 885 1625 fuisse
922 1589 1073 1627 formae
1113 1602 1355 1637 supreme
1384 1592 1500 1628 iuxta
1530 1601 1739 1628 summe.
1824 1590 1850 1627 2
1876 1601 1901 1626 α
1924 1590 2083 1627 notavit

424 1646 585 1682 Wessn.

476 1709 500 1744 2
537 1710 791 1755 ‘infregit...
829 1723 919 1749 cum
950 1714 1086 1751 sonitu
1115 1725 1161 1751 se
1189 1716 1388 1761 delectat',
1419 1716 1466 1752 cf.
1495 1716 1610 1752 Lucr.
1639 1716 1675 1754 6.
1709 1715 1783 1752 142
1812 1715 1973 1752 ‘fluctus
1991 1743 1998 1751 .
2017 1743 2025 1751 .
2045 1743 2079 1752 ..

420 1771 535 1814 quasi
564 1782 748 1809 murmur
776 1775 874 1811 dant
900 1776 943 1812 in
972 1776 1222 1821 frangendo'.

469 1833 719 1878 ‘promeruit’
747 1836 793 1872 cf.
823 1837 899 1872 An.
930 1837 1020 1875 331.
1050 1839 1147 1876 Hec.
1176 1840 1266 1885 487,
1297 1841 1401 1876 infra
1429 1841 1516 1878 681.

473 1895 497 1932 2
534 1898 670 1933 minus
699 1900 805 1935 recte
844 1900 902 1936 sic
938 1900 1052 1945 Don.,
1093 1901 1139 1938 cf.
1167 1903 1316 1948 Speng.
1347 1905 1389 1939 et
1416 1903 1572 1939 Kauer:
1602 1903 1663 1939 die
1693 1902 1983 1947 Verzogerung
2011 1901 2080 1938 der

419 1957 617 2003 Zahlung.

471 2019 518 2058 cf.
548 2021 622 2056 An.
654 2021 743 2058 505.
773 2022 809 2059 3.
894 2024 971 2061 209
1001 2025 1025 2062 2
1054 2026 1142 2062 vide
1172 2027 1220 2062 ad
1253 2027 1340 2064 175.
1371 2028 1406 2064 4.

471 2081 494 2118 3
524 2082 570 2117 cf.
600 2082 687 2120 891.
718 2084 754 2129 2,
786 2085 887 2121 Eun.
919 2086 1009 2123 395.
1039 2088 1128 2124 455.
1161 2089 1232 2125 Ph.
1267 2089 1378 2127 1048.
1409 2090 1446 2126 2.

472 2144 491 2178 1
521 2143 679 2181 Donato
708 2146 792 2182 dari
822 2147 889 2183 vix
924 2151 1060 2193 potest
1087 2151 1203 2187 iuxta
1232 2152 1394 2188 initium
1426 2152 1567 2188 scholii
1595 2151 1633 2189 3.

468 2205 557 2241 vide
586 2206 798 2244 Kauer'de
826 2209 900 2245 hoc
927 2210 1091 2247 scholio.
1121 2212 1176 2248 De
1206 2213 1361 2258 ‘usque'
1389 2215 1466 2250 An.
1500 2213 1588 2250 303.
1620 2214 1715 2250 Hec.
1745 2213 1834 2250 423.

469 2266 493 2302 2
520 2267 545 2302 4
575 2270 792 2314 utrumque
821 2271 977 2308 Donato
1007 2273 1090 2309 dari
1121 2284 1200 2311 non
1231 2277 1389 2320 potest3
1420 2278 1602 2321 praestat
1631 2276 1838 2312 adnotatio
1869 2275 1905 2312 2.

470 2329 494 2364 2
523 2329 667 2366 ‘hodie’
696 2331 741 2367 cf.
773 2332 859 2369 660.
889 2334 913 2370 3
943 2335 1019 2370 An.
1054 2335 1137 2372 196.
1170 2336 1204 2372 2.
1237 2337 1325 2374 348.
1357 2337 1392 2374 3.
1478 2338 1501 2374 3
1531 2338 1577 2374 cf.
1609 2337 1699 2375 223.
1732 2338 1766 2374 1.
1797 2337 1888 2375 943.
1920 2340 1955 2375 1.

416 2389 517 2426 Eun.
547 2391 608 2428 99.
643 2393 729 2430 130.
763 2394 795 2430 1.

469 2452 493 2488 2
522 2453 568 2489 cf.
598 2455 645 2490 ad
677 2455 762 2492 186.
847 2457 924 2494 223
956 2458 975 2494 1
1007 2459 1052 2495 cf.
1084 2459 1173 2497 215.
1205 2461 1240 2498 3.
1270 2463 1348 2502 An.
1378 2462 1467 2500 598.
1497 2462 1532 2499 2.

468 2515 492 2549 4
522 2515 698 2552 laudavit
728 2518 865 2554 Kauer
895 2521 943 2555 ad
972 2520 1011 2556 h.
1042 2521 1065 2556 l.

473 2577 491 2612 1
526 2578 722 2615 scholium
753 2581 851 2616 mihi
880 2582 993 2619 valde
1023 2588 1260 2630 suspectum
1290 2588 1449 2624 Donato
1473 2588 1686 2633 adsignare
1710 2597 1790 2624 non
1815 2597 1942 2624 ausus
1958 2593 2074 2627 sum3

417 2637 506 2684 Syri
545 2641 712 2677 verbum
756 2644 902 2687 ‘spero'
945 2645 1000 2680 nil
1039 2646 1119 2683 tale
1157 2649 1372 2696 significat,
1409 2652 1449 2686 et
1485 2651 1577 2694 quid
1611 2650 1737 2686 altera
1765 2650 1974 2686 sententia
2000 2649 2074 2684 sibi

418 2700 512 2736 velit
540 2703 676 2738 nescio
705 2704 766 2744 (cf.
798 2704 886 2741 236.
916 2705 966 2749 2).

471 2762 491 2797 1
521 2772 608 2799 ecce
637 2764 835 2802 scholium
865 2768 912 2803 de
938 2768 1072 2805 fabula
1100 2770 1260 2808 lectioni
1290 2773 1513 2817 destinata;
1543 2774 1589 2810 cf.
1620 2773 1708 2810 324.
1739 2773 1774 2810 2.

469 2824 487 2859 1
518 2826 595 2860 Α11.
623 2825 712 2863 940.
741 2827 776 2863 2.
860 2829 936 2865 232
966 2830 990 2866 2
1018 2831 1086 2867 Ph.
1116 2833 1204 2870 419.

467 2885 490 2920 2
523 2887 624 2925 Eun.
653 2888 741 2925 967.
775 2889 887 2927 1025.
917 2891 954 2936 2,
984 2892 1080 2931 Hec.
1115 2895 1174 2931 18.
1204 2896 1240 2942 2,
1271 2897 1340 2933 Ph.
1371 2897 1459 2935 225.
1492 2898 1525 2934 1.

466 2947 490 2983 5
518 2947 798 2994 interpretatio
827 2952 939 2999 falsa,
968 2954 1016 2990 de
1044 2959 1254 2994 non-sed
1283 2960 1331 2995 ad
1363 2960 1425 2996 74.
1462 2960 1496 2998 1.

467 3008 492 3044 2
518 3010 753 3048 Lactantius
783 3014 830 3049 ad
859 3014 964 3051 Stati
992 3016 1114 3053 Theb.
1145 3019 1180 3057 7.
1211 3019 1308 3057 645:
1338 3021 1545 3057 dividuum
1573 3031 1597 3058 a
1624 3021 1830 3068 divisione,
1861 3020 2065 3057 dimidium

415 3079 438 3105 a
465 3071 757 3110 dimidione
784 3075 965 3113 dicimus.

467 3132 490 3168 2
517 3133 634 3170 iuxta
661 3135 761 3172 Don.
791 3137 826 3173 3.
910 3138 987 3175 243
1016 3139 1061 3175 cf.
1093 3140 1181 3179 340.
1212 3142 1248 3179 3.
