2242 3443
142 301 216 339 774

144 681 220 717 775

145 1090 220 1126 776

147 1470 223 1507 779

149 1775 224 1810 780

150 2080 222 2116 781

151 2232 225 2268 782

156 2461 230 2497 783

157 2841 233 2877 784

159 2992 235 3029 785

996 168 1052 207 93

334 308 535 336 POTASTls
577 307 734 336 somnus
778 306 864 334 non
908 295 1010 342 quia
1053 294 1150 341 plus
1195 293 1310 331 videl
1362 301 1498 329 sonex
1545 300 1675 337 quam
1720 288 1905 327 obicitur

289 374 439 422 oculis,
475 374 549 412 sed
587 373 777 412 oratorie
811 371 1029 420 ‘potastis’
1066 370 1198 417 dixit,
1234 378 1334 407 cum
1369 376 1505 405 unum
1541 365 1710 404 ebrium
1745 365 1906 411 cernat,

290 451 466 498 propter
508 449 615 488 illud
656 448 769 496 quod
812 448 874 485 ait
916 446 1032 486 (767)
1079 444 1347 492 ‘exemplum
1391 442 1676 490 disciplinae',
1710 439 1834 487 quasi
1867 440 1909 477 in

286 525 493 564 omnibus
526 526 597 574 sit,
632 523 745 572 quod
778 524 822 561 in
855 533 942 561 uno
975 531 1090 560 nunc
1123 521 1356 568 aspicitur:
1390 517 1611 566 Vergilius
1637 518 1759 556 (Aen.
1781 517 1819 554 2.
1840 516 1910 557 65)

293 600 351 639 ‘et
383 601 568 641 crimine
601 601 653 639 ab
688 611 728 639 u.
763 600 802 640 d.
838 600 891 638 ο.’

334 687 447 716 SANE
479 687 653 716 NOLLEM
680 686 799 715 Hunc
827 686 996 714 EXITUM
1024 676 1066 713 et
1095 675 1176 713 hoc
1204 673 1375 711 dictum
1403 670 1525 710 obliti
1543 669 1741 708 omnium
1761 677 1907 706 rerum

292 756 360 792 est
400 754 508 792 nihil
549 754 738 793 Demeae
780 763 854 801 per
894 751 1119 790 fallaciam
1158 749 1455 798 respondisse:
1491 746 1566 785 sed
1599 743 1909 783 tantummodo

291 830 488 879 paenitet
519 830 632 878 quod
664 825 836 870 exierit.

1012 965 1052 1003 2.

340 1086 359 1122 1
396 1095 510 1124 HEUS
542 1094 651 1123 SYRE
684 1094 816 1133 quam
850 1084 965 1123 clare
998 1084 1130 1132 dicat,
1163 1081 1410 1121 ostenditur
1442 1089 1495 1117 ex
1530 1088 1593 1126 eo,
1627 1076 1741 1124 quod
1774 1075 1911 1114 ‘heus‘

289 1162 532 1210 praemisit,
561 1163 800 1209 antequam
829 1161 1093 1209 loqueretur.
1113 1160 1136 1197 2
1157 1167 1366 1198 c'rES1PHo
1388 1156 1499 1194 mire
1518 1154 1716 1193 additum
1735 1162 1911 1199 nomen,

292 1248 393 1277 cum
435 1240 512 1276 aut
553 1238 647 1277 sine
680 1238 762 1276 hoc
797 1238 873 1276 aut
905 1247 980 1286 per
1011 1245 1254 1285 pronomen
1289 1232 1430 1282 possit
1463 1229 1659 1278 intellegi
1694 1228 1914 1277 Ctesipho.

292 1314 317 1352 3
350 1324 406 1352 UT
439 1324 608 1354 REDEAS
641 1314 822 1353 ‘redeas’
857 1313 1043 1352 dicendo
1077 1312 1268 1351 ostendit
1304 1312 1347 1349 et
1380 1309 1505 1348 illum
1538 1308 1655 1346 inter
1687 1306 1856 1354 pocula,
1889 1315 1914 1343 a

292 1400 375 1438 quo
409 1400 616 1439 egressus
649 1392 717 1430 est
750 1390 911 1429 ebrius

342 1468 361 1504 1
406 1477 482 1505 EST
517 1477 646 1507 ALms
679 1476 850 1512 QUIDAM
883 1475 1214 1505 PARAsmAs'rER
1246 1472 1478 1503 PAULULUS
1511 1471 1596 1500 non
1631 1460 1759 1499 ‘alius
1791 1468 1912 1507 para-

292 1542 500 1592 sstaster',
544 1543 621 1582 sed
666 1542 792 1582 ‘alius
834 1542 1053 1591 Ctesipho,
1097 1542 1169 1590 qui
1213 1542 1281 1580 est
1313 1537 1638 1589 parasitaster’3
1674 1537 1698 1574 2
1732 1538 1776 1575 et
1806 1535 1916 1573 bene

292 1628 379 1657 non
408 1617 545 1658 ‘alter’
574 1620 649 1659 sed
679 1619 837 1667 ‘alius’,
866 1620 992 1667 quasi
1020 1628 1106 1657 non
1134 1618 1218 1656 duo
1246 1617 1321 1655 sed
1350 1615 1480 1654 multi
1506 1614 1595 1652 sint
1613 1612 1912 1660 Ctesiphones.

294 1694 319 1732 3
353 1694 405 1733 Et
437 1695 519 1735 hoc
552 1696 617 1735 sic
649 1695 1024 1745 pronuntiandum
1058 1695 1139 1747 est,
1172 1695 1220 1732 ut
1252 1692 1386 1731 simul
1419 1693 1462 1730 et
1493 1690 1611 1729 dicat
1643 1691 1685 1728 et
1718 1689 1914 1736 quaerat.

342 1772 362 1809 1
397 1781 554 1811 nos'rm
587 1772 715 1821 quasi
748 1772 1026 1821 sycophanta
1059 1770 1225 1809 addidit
1260 1768 1423 1807 ‘nostin
1437 1768 1486 1816 ?’,
1521 1776 1622 1804 nam
1658 1764 1919 1804 veteratoris

293 1849 362 1886 est
393 1849 688 1887 mentientem
722 1847 951 1888 confidere.
986 1848 1010 1885 2
1044 1857 1147 1892 omi>
1179 1855 1281 1884 Acis
1310 1855 1414 1890 QUID
1442 1853 1542 1882 AB1s
1569 1843 1652 1881 hoc
1678 1842 1766 1879 iam
1795 1840 1914 1879 ebrio

294 1924 518 1973 convenit,
562 1934 648 1964 non
689 1924 755 1963 illi
797 1934 929 1972 quem
972 1923 1260 1972 cognovimus
1304 1921 1436 1968 Syro;
1470 1929 1572 1958 narn
1606 1918 1720 1966 quod
1754 1917 1914 1955 retinet

295 2009 467 2049 senem,
501 1996 792 2040 confessionis
825 2010 965 2049 genus
998 2002 1079 2038 est.

339 2086 427 2116 NON
469 2087 633 2117 MANUM
673 2087 886 2116 Asssrnms
927 2086 1141 2115 MAs'ricuA
1184 2075 1322 2114 etiam
1364 2073 1568 2112 iniecisse
1616 2080 1817 2117 manum,
1867 2070 1914 2106 ut

295 2154 466 2192 teneret
498 2153 726 2202 Demeam,
761 2164 816 2192 ex
848 2153 989 2202 ipsius
1022 2151 1168 2191 verbis
1201 2151 1408 2189 cernitur.

344 2229 364 2267 1
406 2239 469 2268 AN
510 2241 599 2268 TIBI
641 2240 724 2269 IAM
766 2239 904 2268 MAvrs
946 2238 1176 2268 GEREBRUM
1220 2236 1471 2265 DISPERGAM
1512 2234 1587 2263 mc
1630 2225 1679 2261 ut
1721 2221 1912 2270 apparet,

297 2304 450 2345 baculo
483 2306 694 2345 minatur.
729 2306 753 2344 2
786 2316 907 2344 Aeni*
939 2306 1043 2353 quia
1074 2303 1303 2352 prohibere
1336 2312 1422 2341 non
1455 2301 1610 2350 potuit,
1644 2298 1839 2337 demisso
1873 2297 1915 2334 et

294 2370 547 2430 'desperanti
582 2382 707 2420 vultu
737 2382 840 2430 quid
872 2381 1040 2421 factum
1075 2380 1135 2418 sit
1168 2379 1272 2417 dicit
1304 2379 1348 2416 et
1379 2376 1540 2415 abiisse
1571 2373 1841 2424 pronuntiat.

345 2469 509 2497 EDEPoL
536 2468 875 2498 COMESSATOREM
903 2467 1028 2495 HAUD
1055 2465 1168 2494 SANE
1196 2464 1437 2494 COMMODUM
1454 2452 1597 2491 facete
1614 2457 1665 2504 τῷ
1683 2452 1912 2501 χλευασμῷ;

299 2535 394 2573 tam
422 2535 675 2584 inopinatus
703 2533 977 2582 supervenit,
1005 2534 1054 2571 ut
1071 2531 1219 2571 omnia
1236 2531 1299 2570 sic
1317 2529 1522 2577 offendat,
1541 2524 1915 2575 quemadmodum

300 2611 374 2658 qui
417 2613 717 2650 comessatum
760 2610 1016 2659 ingreditur,
1049 2609 1150 2656 quia
1187 2606 1502 2647 comessatoris
1534 2606 1602 2644 est
1633 2601 1916 2651 supervenire

300 2686 354 2725 ad
385 2688 582 2726 scortum
615 2688 658 2726 et
692 2686 928 2726 vociferare
960 2685 1123 2733 aliquid
1155 2686 1197 2723 in
1230 2683 1469 2723 iocularem
1501 2680 1750 2729 strepitum,
1784 2686 1916 2724 quare

302 2763 448 2802 totum
480 2762 597 2801 salse
630 2763 683 2801 ad
715 2762 927 2801 Demeam
962 2761 1163 2800 contulit.

346 2849 622 2878 PRAESERTIM
663 2848 920 2879 CTESIPHONI
962 2839 1075 2878 bona
1118 2838 1331 2886 exceptio,
1376 2836 1424 2874 ut
1465 2833 1671 2882 appareat
1713 2828 1916 2869 omnibus

304 2914 631 2955 incommodum
665 2918 708 2955 et
738 2916 782 2954 in
816 2916 885 2954 his
917 2915 1155 2963 Aeschino,
1188 2913 1265 2952 sed
1297 2911 1527 2960 praecipue
1561 2905 1826 2955 Ctesiphoni.

342 3001 431 3032 NISI
462 3003 557 3031 DUM
589 3003 680 3031 HAE
713 3001 945 3030 SILmchNT
977 3000 1153 3030 TURBAE
1186 2999 1272 3028 non
1300 2997 1411 3036 quae
1438 2987 1527 3025 iam
1555 2984 1672 3032 sunt,
1702 2981 1776 3020 sed
1805 2990 1915 3028 quae

301 3071 442 3108 erunt.
