2242 3443
976 231 1060 270 259

137 352 209 389 707
297 352 314 387 1
359 352 523 388 Servius
565 353 612 388 ad
655 353 754 390 Aen.
802 353 861 389 10.
899 352 995 388 477:
1037 353 1155 389 ‘viam
1196 354 1345 389 molita’
1389 354 1426 389 h.
1466 365 1498 390 e.
1539 365 1629 390 cum
1659 357 1888 392 difficultate

242 413 454 457 quaesivit.

292 475 316 511 2
345 475 539 521 otiosum,
564 477 604 511 et
629 475 846 519 requiritur
871 485 1064 511 numerus
1091 476 1254 520 pluralis
1279 477 1317 511 in
1340 477 1559 512 adiectivis.
1644 478 1666 513 3
1683 480 1893 523 utriusque

240 536 349 572 verbi
391 537 565 572 definitio
608 537 742 572 minus
784 536 912 581 iusta,
955 537 1002 572 cf.
1040 537 1138 573 Don.
1179 538 1211 573 1.
1297 538 1320 572 4
1358 540 1497 574 contra
1528 539 1625 575 Don.
1659 540 1692 582 1,
1723 542 1791 576 sed
1821 551 1891 585 pro

239 600 355 641 parte
382 608 433 634 ex
462 599 526 634 illo
554 598 762 634 haustum.
792 599 868 634 Mn.
900 598 962 634 32.
993 598 1083 636 225.

135 659 210 694 713
291 659 386 694 ‘vix’
416 669 627 704 perperam
655 659 888 695 maiusculis
917 670 1160 704 expressum
1190 670 1270 696 non
1296 661 1471 705 pertinet
1501 663 1547 696 ad
1578 662 1737 698 lemma.

135 720 209 756 716
293 721 315 756 7
353 721 398 757 cf.
431 721 518 757 744.
550 721 573 757 2
602 722 641 757 et
675 721 827 757 scholia
856 722 903 756 ad
933 721 1020 757 959.
1105 721 1169 757 30.
1196 722 1354 758 notavit
1384 722 1543 758 Wessn.
1628 724 1691 758 4a
1721 724 1890 768 philoso-

238 782 389 827 phatur
417 784 465 819 ad
494 784 594 819 Don.
626 783 662 818 4.

135 842 208 879 718
291 844 314 880 2
342 844 457 880 iuxta
485 844 584 881 Don.
619 845 652 880 1.
683 845 729 881 cf.
759 844 846 881 295.
878 845 913 881 2.

132 904 208 942 720
289 906 313 941 4
342 906 461 951 Eugr.
477 916 513 951 p.
533 907 593 943 65.
681 908 698 942 1
718 909 832 943 iuxta
847 907 947 942 Don.
965 907 999 942 2.
1085 907 1107 942 5
1124 907 1209 943 vide
1226 906 1345 951 praef.
1364 917 1399 951 p.
1431 917 1484 942 XI.
1592 908 1612 942 6
1630 909 1687 943 ‘ut
1703 909 1890 944 diximus’

236 967 357 1011 praef.
387 978 424 1012 p.
456 978 538 1004 XXI.
625 969 646 1004 7
676 968 779 1004 alius
808 969 1002 1012 magister
1030 968 1144 1004 iuxta
1173 969 1209 1004 4.
1235 968 1473 1013 Fairclough
1496 969 1571 1005 hoc
1586 969 1891 1012 schol.temere‚

237 1029 393 1074 opinor,
422 1029 577 1066 Donato
607 1030 728 1066 dedit.

133 1089 207 1127 723
289 1090 312 1126 3
352 1091 398 1127 cf.
442 1091 538 1127 Don.
582 1092 617 1128 2.
701 1092 725 1127 4
763 1091 809 1127 cf.
851 1091 950 1127 Eun.
982 1091 1071 1129 422.
1102 1092 1148 1137 25
1178 1092 1410 1136 exemplum
1440 1092 1572 1127 minus
1602 1093 1801 1135 idoneum,
1842 1093 1888 1129 cf.

236 1152 347 1189 SerV.
376 1154 424 1189 ad
454 1153 493 1188 h.
522 1153 546 1190 l.

131 1214 206 1251 726
287 1215 451 1251 Servius
494 1216 542 1251 ad
584 1216 683 1251 Aen.
725 1215 784 1251 12.
828 1215 902 1251 120
940 1215 980 1251 in
1018 1215 1097 1251 fine
1128 1215 1174 1251 de
1202 1215 1370 1251 lectione
1400 1215 1615 1251 Menandri.
1700 1216 1723 1251 2
1751 1217 1889 1252 contra

234 1276 335 1313 Don.
365 1277 399 1313 1.
482 1277 505 1312 4
535 1277 580 1313 cf.
610 1278 709 1314 Don.
740 1278 774 1314 7.
860 1277 882 1313 6
911 1279 992 1313 est
1019 1277 1059 1312 in
1088 1277 1177 1321 ipso
1207 1279 1325 1313 textu
1356 1278 1597 1313 ‘substerne’
1627 1288 1662 1313 v,
1695 1278 1781 1313 727.

130 1339 205 1376 729
286 1339 407 1383 Eugr.
438 1350 474 1384 p.
507 1339 566 1375 66.
649 1349 673 1374 α
702 1339 858 1374 Donato
887 1339 980 1375 dare
1008 1339 1131 1375 nolui.

128 1401 204 1438 730
285 1401 310 1436 4
337 1401 382 1437 cf.
414 1401 501 1437 763.
535 1401 568 1437 1.
653 1401 677 1436 2
705 1401 825 1445 Eugr.
857 1411 893 1445 p.
927 1400 988 1436 66.
1075 1401 1151 1438 736
1182 1401 1243 1436 1α
1272 1401 1318 1437 cf.
1351 1401 1426 1437 735
1458 1401 1556 1437 Don.

128 1463 204 1499 739
286 1463 334 1499 cf.
362 1463 463 1499 Eun.
492 1462 580 1499 302.
609 1462 633 1497 4
662 1463 703 1498 et
732 1462 894 1498 Wessn.
924 1463 964 1497 in
994 1472 1083 1507 app.

129 1524 205 1561 744
286 1525 310 1561 2
337 1524 382 1561 cf.
414 1525 502 1561 716.
535 1525 569 1560 7.
657 1523 730 1561 748
760 1524 849 1560 vide
879 1534 1004 1569 supra
1033 1525 1080 1560 ad
1112 1524 1200 1560 667.
1286 1524 1359 1561 751
1393 1525 1411 1559 1
1442 1523 1486 1559 cf.
1518 1525 1578 1559 ad.
1608 1524 1694 1559 781.

129 1586 204 1624 754
285 1588 331 1623 de
358 1587 422 1622 his
451 1586 612 1623 scholiis
636 1586 726 1622 vide
753 1586 873 1631 praef.
903 1596 940 1631 p.
971 1596 1046 1622 xm
1061 1596 1119 1630 sq.
1203 1586 1227 1620 4
1252 1586 1460 1630 ‘pressius'
1487 1587 1532 1620 ut
1557 1585 1644 1621 759.
1670 1585 1770 1620 Eun.
1787 1585 1884 1628 711;

236 1648 311 1685 764
340 1648 528 1685 ‘lentius’.

128 1709 203 1746 755
288 1710 306 1745 1
338 1709 439 1745 Eun.
469 1709 531 1746 89.
562 1709 597 1746 2.
629 1709 716 1745 894.
803 1709 878 1746 758
911 1710 929 1745 1
962 1709 1056 1745 Pho.
1086 1710 1134 1745 ad
1162 1719 1201 1746 v,
1232 1708 1320 1745 915.

128 1771 203 1808 756
285 1782 307 1808 α
336 1773 548 1816 sumptum
578 1781 599 1807 e
628 1771 727 1807 Don.
811 1771 887 1808 760
919 1771 936 1806 1
969 1773 1010 1807 et
1040 1771 1116 1808 766
1148 1771 1190 1815 1;
1220 1771 1309 1806 vide
1337 1769 1460 1815 praef.
1490 1779 1527 1814 p.
1557 1779 1612 1804 ix.

127 1833 202 1870 763
282 1833 328 1870 cf.
359 1834 447 1870 730.
477 1834 513 1868 4.
597 1843 621 1869 a
649 1833 807 1868 notavit
834 1832 996 1869 Wessn.
1082 1834 1157 1870 766
1187 1833 1210 1869 2
1238 1832 1396 1868 falsum.

127 1896 202 1932 769
284 1895 307 1931 2
334 1895 451 1932 iuxta
477 1896 577 1931 Don.
607 1895 631 1930 4
660 1895 700 1931 et
729 1895 828 1930 satis
858 1896 1089 1931 obscurum.

125 1957 197 1993 771
284 1958 302 1993 1
344 1958 540 1993 scholium
577 1956 926 2007 semirlietoricum
962 1956 1108 1992 Donati
1137 1965 1228 1992 esse
1256 1954 1498 2000 praetervidi
1525 1956 1564 1990 in
1595 1955 1671 1990 Mn.
1703 1954 1763 1990 33.
1798 1955 1882 1990 147.

125 2018 200 2055 773
281 2019 305 2055 2
338 2019 454 2055 iuxta
490 2019 534 2055 D.
578 2020 617 2064 1,
648 2018 824 2055 definitio
852 2019 968 2055 valde
998 2019 1209 2063 suspecta,
1238 2027 1312 2053 nec
1340 2016 1474 2052 minus
1503 2016 1541 2052 in
1572 2016 1693 2052 schol.
1732 2016 1749 2051 1
1781 2017 1882 2051 addi—

226 2082 455 2117 tamentum
498 2080 658 2117 ‘transit
700 2080 820 2117 enim‘
863 2090 949 2124 sqq.
992 2081 1067 2117 Sed
1109 2081 1155 2116 de
1196 2079 1337 2124 figuris
1377 2079 1522 2123 postea
1562 2078 1797 2114 videbimus.
1828 2077 1880 2113 Cf.

228 2142 407 2179 Rabbow
437 2153 474 2188 p.
504 2143 593 2179 342.

125 2203 198 2241 772
279 2205 326 2241 cf.
357 2205 444 2241 324.
475 2205 510 2241 2.
596 2205 671 2242 773
703 2205 721 2240 1
754 2205 855 2240 Eun.
886 2204 974 2240 244.
1007 2205 1040 2240 1.
1125 2204 1148 2239 2
1177 2203 1353 2239 definitio
1383 2202 1496 2247 mira,
1525 2202 1571 2237 cf.
1600 2202 1699 2237 Don.
1732 2202 1765 2237 1.

124 2265 198 2302 776
282 2266 346 2302 2α
384 2277 506 2312 supra
545 2268 595 2303 ad
633 2267 721 2303 218.
757 2267 845 2303 242.
929 2267 994 2302 4a
1025 2266 1220 2302 scholium
1261 2266 1497 2301 abstrusum
1527 2263 1751 2307 significare
1779 2263 1882 2298 vide-

227 2328 314 2364 tur:
354 2329 475 2364 simul
512 2329 619 2364 enim
659 2329 910 2365 occasionem
948 2329 1113 2373 praebet
1151 2327 1372 2372 Chremeti,
1412 2328 1456 2362 ut
1494 2335 1569 2361 sua
1595 2326 1739 2369 sponte
1767 2334 1881 2368 gene·

224 2378 314 2426 rum
343 2392 522 2436 recuset,
552 2401 625 2427 nec
652 2391 822 2426 iniuriae
850 2400 971 2427 causa
999 2391 1037 2426 id
1066 2390 1194 2426 facere
1222 2390 1417 2425 videatur.
1447 2388 1657 2424 Sententia
1682 2395 1760 2421 are
1775 2395 1880 2430 pror-

226 2461 300 2488 sus
330 2452 472 2489 aliena.
501 2452 699 2488 Hartman
730 2462 767 2497 p.
801 2452 887 2488 150.

124 2511 195 2550 781
280 2514 299 2550 1
330 2514 419 2551 vide
448 2515 495 2550 ad
525 2514 600 2550 219
630 2515 671 2550 et
701 2514 789 2550 750.

123 2575 198 2611 783
278 2576 301 2612 3
343 2577 420 2612 Mn.
463 2576 525 2612 32.
566 2576 654 2612 320.
694 2575 761 2612 Gr.
800 2576 886 2612 Lat.
922 2575 998 2611 VII
1027 2574 1116 2611 504.
1148 2574 1193 2610 3:
1224 2583 1294 2619 per
1322 2575 1485 2618 tempus
1514 2573 1537 2608 i.
1569 2583 1601 2608 e.
1633 2572 1877 2616 opportune,

106 2659 109 2660 ν
224 2647 315 2674 cum
344 2639 418 2675 hoc
445 2638 529 2674 loco
559 2638 733 2673 Terenti.

121 2697 196 2735 784
277 2699 300 2736 2
327 2699 448 2736 nimis
477 2699 679 2744 otiosum;
709 2699 756 2735 cf.
787 2699 874 2735 785.
909 2699 941 2734 1.
1028 2698 1103 2735 786
1135 2697 1321 2733 ‘nec-sed'
1354 2697 1401 2732 ad
1430 2706 1467 2731 V.
1500 2695 1586 2731 132.

121 2760 192 2797 797
275 2761 298 2797 2
323 2762 604 2806 interpretatio
632 2761 784 2806 optimo
813 2761 977 2797 homine
1007 2760 1165 2796 Critone
1192 2760 1377 2803 indigna;
1409 2758 1454 2794 cf.
1484 2758 1582 2792 Don.
1613 2755 1699 2791 798.
1730 2754 1765 2788 4.

120 2821 193 2858 798
277 2823 295 2858 1
336 2833 417 2859 non
455 2823 601 2868 ‘dolet',
639 2824 706 2859 sed
745 2822 992 2859 meretricem
1020 2821 1145 2857 fuisse
1176 2821 1412 2865 Chrysidem
1442 2819 1561 2854 refert
1590 2827 1679 2852 cum
1710 2816 1870 2860 pudore,

223 2883 268 2920 cf.
296 2885 396 2921 Don.
427 2885 470 2930 2;
501 2886 548 2921 de
577 2886 707 2921 morte
734 2884 830 2920 nihil
861 2885 1054 2928 queritur.
1140 2883 1202 2919 2a
1231 2883 1277 2919 cf.
1308 2882 1395 2918 879.
1428 2881 1462 2916 2.
1546 2879 1568 2915 5
1590 2876 1868 2918 cf.D0n.2i.f,

119 2945 196 2982 800
275 2946 374 2982 Eun.
404 2947 492 2982 294.
523 2946 558 2982 3.
642 2956 667 2982 α
693 2946 843 2982 rhetor.

118 3007 190 3043 801
272 3008 426 3044 Nonius
455 3008 542 3044 557.
577 3008 624 3044 10
653 3008 905 3044 ‘consobrini’
936 3007 1050 3051 quasi
1078 3005 1344 3050 consororini,
1375 3014 1426 3040 ex
1455 3003 1609 3038 duabus
1640 2999 1732 3036 editi
1761 3007 1868 3033 soro-

156 3082 158 3084 ·
220 3068 340 3105 ribus.
382 3070 533 3106 Similia
572 3069 752 3105 Isidorus
796 3070 857 3104 Or.
902 3069 938 3104 9.
978 3068 1012 3104 6.
1053 3068 1111 3103 14.
1144 3067 1197 3103 Cf.
1230 3068 1440 3111 praeterea
1469 3064 1564 3099 Hec.
1593 3062 1679 3097 459.
1710 3060 1733 3095 2
1761 3061 1800 3095 et
1829 3059 1867 3094 3.

223 3129 369 3166 Festus
399 3131 486 3166 297.
