2242 3443
350 742 427 779 874

352 965 429 1002 875

354 1549 430 1586 876

356 1954 430 1990 877

358 2437 434 2473 878

359 2841 436 2878 879

1206 186 1285 224 102

500 310 544 348 in
591 319 640 348 eo
682 310 798 358 quod
841 310 893 349 ad
936 309 1128 349 Critonis
1170 321 1424 360 personam,
1459 320 1534 360 per
1567 310 1879 349 coniecturam.
1912 309 1937 348 3
1970 308 2020 348 Ει
2051 311 2121 349 θεῖ

497 385 598 424 irati
639 385 872 424 familiaris
921 383 1216 436 ἀποσιώπησις,
1252 396 1352 426 cum
1385 396 1462 435 pro
1495 385 1709 434 dignitate
1741 385 1910 434 peccati
1942 395 2027 425 non
2059 386 2119 425 in-

501 462 650 500 veniat
697 462 957 501 convicium.
1003 463 1028 500 4
1074 461 1127 500 Et
1169 461 1284 510 ‘quid
1328 462 1409 501 ais'
1450 472 1535 501 non
1580 463 1648 501 est
1689 461 2004 510 interrogantis
2045 462 2122 502 sed

498 537 765 577 invehentis.

671 612 692 647 2
732 622 826 654 Qum
864 622 929 648 A1s
968 621 1127 648 OMNIUM
1166 614 1422 657 ἀποσιώπησις
1455 611 1596 656 tertia,
1626 612 1667 647 et
1696 612 1759 648 est
1787 612 1837 647 ad
1866 610 2118 648 deformatio-

617 675 708 702 nem
722 676 932 710 personae.
949 668 970 702 5
989 667 1036 702 Et
1052 669 1115 702 est
1131 669 1285 709 ἔλλειψις
1300 667 1430 702 multa
1446 665 1696 711 significans,
1711 666 1815 710 quod
1831 665 1899 702 ait‘
1911 665 2120 703 omnium'.

551 748 680 782 QUAsr
723 747 947 783 chouAM
981 749 1026 777 m
1065 748 1184 777 Hunc
1220 749 1245 776 1.
1279 748 1471 777 GRAvms
1505 748 1596 777 mor
1628 748 1806 787 ΡοΤΕεΤ,
1841 747 1974 786 quam
2007 738 2119 787 quod

500 814 620 853 fecit.
654 817 708 859 (α)

672 898 696 923 α
725 898 845 932 quam
874 890 978 933 quod
1008 889 1199 934 peccavit.

556 962 576 999 1
611 970 691 999 Am
723 970 904 999 TANDEM
933 971 967 999 c.
997 971 1038 1001 G.
1068 972 1106 1001 E.
1141 961 1316 1009 quaerit
1343 960 1512 1000 Probus
1540 960 1638 1000 ‘ain’
1665 971 1777 1009 quae
1793 971 1896 1011 pars
1912 962 2124 1002 orationis

495 1036 553 1075 sit
595 1037 639 1075 et
681 1045 735 1075 an
773 1045 860 1075 una
892 1036 974 1085 sit;
1010 1039 1078 1076 est
1110 1038 1259 1076 autem
1294 1036 1394 1076 ‘ain’
1427 1037 1552 1085 quasi
1586 1037 1758 1077 aisne.
1793 1039 1912 1078 bra-A
1943 1048 2121 1078 PRAEm-
2177 1073 2182 1076 .

501 1123 614 1152 CANT
641 1112 1047 1162 <‘praedicant’>
1074 1112 1311 1153 artificiose
1339 1123 1416 1162 pro
1444 1114 1639 1153 dicunt
1665 1115 1833 1163 posuit:
1853 1115 1960 1155 adeo
1976 1115 2021 1154 in
2038 1115 2123 1154 hac

499 1201 544 1230 re
576 1191 863 1230 vehementer
895 1193 1146 1231 commotus
1179 1202 1318 1232 senex
1350 1192 1432 1232 hoc
1464 1192 1611 1241 ipsum
1643 1191 1806 1240 repetit
1841 1189 2122 1240 ‘praedicant’

498 1277 574 1317 per
604 1267 898 1307 iracundiam:
932 1268 975 1306 et
1006 1267 1067 1306 ita
1093 1269 1162 1306 est
1192 1266 1234 1306 ἐν
1267 1265 1380 1318 ἤθει,
1416 1269 1465 1307 ut
1506 1268 1762 1317 repetantur
1793 1266 1926 1307 verba
1955 1267 2001 1307 in
2031 1266 2120 1316 qui-

499 1343 581 1383 bus
614 1344 813 1393 arguitur
845 1343 1132 1392 impudentia.

675 1418 697 1453 2
741 1418 790 1454 Et
814 1417 931 1463 mire,
960 1417 1076 1462 quasi
1103 1417 1189 1463 ipse
1218 1418 1338 1463 dicat,
1370 1418 1475 1462 quod
1505 1417 1640 1453 Davus
1665 1416 1826 1454 dixerit.
1851 1417 1875 1454 3
1901 1417 2006 1463 Ergo
2030 1416 2123 1454 ‘ain'

620 1471 946 1517 percontativum
975 1473 1144 1509 verbum
1174 1473 1249 1508 est.
1281 1474 1303 1508 4
1330 1482 1496 1508 TANDEM
1526 1482 1598 1518 pro
1627 1474 1776 1509 tamen.

559 1546 579 1583 1
613 1543 664 1582 Et
698 1542 988 1583 ‘confidentia’
1021 1544 1149 1583 modo
1182 1554 1257 1593 pro
1291 1544 1476 1583 audacia
1503 1545 1545 1583 et
1572 1554 1648 1592 pro
1673 1543 1976 1594 improbitate,
2003 1545 2053 1584 ut
2078 1544 2123 1583 in

502 1620 765 1659 Phormione
805 1619 951 1659 ‘homo
988 1618 1225 1659 confidens’
1259 1624 1314 1663 (v.
1355 1620 1467 1668 123),
1501 1620 1630 1659 aliter
1662 1620 1732 1659 hic
1764 1629 1899 1669 supra
1928 1615 1989 1668 (v.
2022 1620 2123 1666 855)

505 1694 757 1735 ‘confidens'
787 1706 863 1745 pro
896 1696 1116 1734 constanti
1149 1697 1193 1734 et
1223 1696 1363 1744 gravi.

677 1770 698 1804 2
738 1766 760 1791 *
797 1770 902 1813 Ergo
931 1779 951 1806 c
963 1779 984 1806 o
997 1779 1023 1805 n
1035 1769 1069 1804 fi
1081 1770 1103 1805 d
1116 1769 1259 1806 entia
1287 1771 1491 1806 interdum
1520 1769 1560 1806 in
1590 1770 1696 1806 mala
1724 1769 2039 1817 significatione,
2067 1770 2123 1807 in-

621 1824 780 1859 terdum
804 1823 844 1859 in
865 1824 969 1860 bona
984 1823 1276 1867 significatione
1292 1825 1475 1869 ponitur;
1492 1825 1561 1861 sed
1576 1823 1612 1861 fi
1623 1826 1646 1860 d
1657 1834 1682 1860 u
1694 1824 1770 1860 cia
1788 1833 1949 1875 semper
1962 1824 2002 1861 in
2017 1825 2124 1862 bona

620 1878 913 1922 significatione
942 1877 1117 1922 ponitur.

562 1950 581 1987 1
627 1959 723 1988 NUM
767 1959 949 1988 coerrss
992 1958 1096 1995 Qum
1139 1950 1303 1988 mou?
1343 1955 1453 1993 (NUM
1486 1960 1613 1989 FAcrr
1645 1950 1818 1999 PIGET?)
1850 1960 2007 1990 amens
2036 1951 2123 2000 est,

502 2025 575 2073 qui
592 2026 760 2065 nesciat
777 2026 880 2074 quid
898 2025 1034 2075 dicat,
1056 2026 1292 2075 amentior,
1313 2035 1443 2074 quem
1463 2036 1551 2066 non
1570 2026 1796 2075 paeniteat
1811 2026 1915 2066 facti
1930 2026 2013 2066 sui.
2030 2028 2057 2066 4
2074 2025 2126 2065 Et

503 2103 553 2140 ut
592 2098 736 2141 solent
777 2102 1041 2151 irascentes,
1087 2102 1250 2141 avertit
1294 2102 1542 2141 orationem
1580 2112 1605 2141 a
1635 2102 1829 2142 secunda
1859 2102 1913 2142 ad
1943 2102 2123 2142 tertiam

504 2187 754 2227 personam.
787 2173 858 2225 (a).

679 2252 699 2286 2
738 2261 825 2287 mm
863 2262 895 2288 o.
935 2262 969 2294 Q.
1009 2262 1047 2288 D.
1080 2253 1174 2296 quia
1207 2251 1446 2288 iniuriarum
1478 2262 1522 2289 se
1551 2252 1701 2298 alligat.
1732 2253 1755 2289 3
1784 2262 1872 2289 mm
1899 2263 1935 2290 F.
1964 2262 2000 2290 Ρ.
2029 2252 2124 2298 quia

621 2305 878 2350 ‘praedicant’
912 2305 1020 2351 dicit,
1051 2306 1144 2343 ‘non
1174 2306 1325 2343 dicunt’
1360 2303 1425 2346 (οἱ.
1459 2307 1506 2342 ad
1535 2307 1638 2350 875).
1669 2307 1691 2342 4
1721 2317 1746 2343 a
1775 2307 1824 2343 ab
1850 2316 1898 2344 ea
1925 2316 2016 2344 cum
2044 2316 2123 2351 qua

621 2359 861 2404 loquebatur
889 2360 936 2395 ad
964 2359 1097 2396 aliam.

557 2431 581 2469 2
625 2441 721 2470 NUM
762 2441 862 2470 mus
904 2441 1039 2470 coma
1075 2442 1113 2471 P.
1148 2434 1331 2480 paterno
1365 2432 1513 2470 animo
1546 2431 1669 2481 dicit,
1702 2441 1893 2480 namque
1923 2431 2122 2482 patribus

504 2506 617 2546 velle
657 2507 912 2546 erubescere
944 2506 1061 2546 filios
1093 2508 1395 2556 pudentesque
1424 2518 1523 2547 esse
1553 2507 1774 2547 familiare
1807 2509 1892 2556 est;
1926 2507 1995 2547 cui
2026 2517 2122 2548 con·

503 2583 689 2622 trarium
722 2586 789 2622 est
823 2582 1032 2633 ‘erubuit‚
1053 2584 1180 2623 salva
1212 2594 1282 2623 res
1315 2585 1399 2623 est’
1431 2579 1528 2633 (Ad.
1560 2584 1674 2625 643).

681 2657 700 2693 1
737 2667 825 2693 Num
862 2666 951 2692 mus
989 2667 1021 2692 o.
1059 2666 1235 2694 Punoms
1273 2667 1425 2695 SIGNUM
1463 2657 1655 2701 ‘signum’
1684 2659 1749 2694 est
1774 2667 1900 2703 parva
1925 2648 2123 2703 quaedam

623 2710 860 2755 significatio
885 2711 1066 2747 indicans
1094 2713 1223 2748 totius
1253 2713 1311 2748 rei
1339 2712 1591 2756 qualitatem.
1621 2712 1643 2748 3
1674 2711 1761 2749 Hoc
1790 2722 1886 2757 ergo
1915 2711 2028 2748 dicit:
2052 2721 2125 2749 nec

627 2764 761 2810 timet,
790 2765 943 2810 inquit,
967 2775 1041 2801 nec
1069 2775 1161 2802 eum
1192 2766 1373 2811 paenitet
1399 2775 1472 2802 nec
1499 2766 1635 2811 pudet.

562 2838 582 2875 1
611 2846 668 2875 ΠΤ
693 2845 893 2875 PRAETER
919 2846 1074 2875 crva
1098 2848 1144 2876 M.
1173 2836 1373 2886 ‘praeter’
1392 2847 1491 2886 pro:
1513 2838 1665 2877 contra
1680 2837 1846 2877 civium
1862 2846 2046 2877 morem.
2065 2839 2122 2883 (a)

681 2910 699 2945 l
740 2919 764 2946 α
792 2919 900 2946 nunc
929 2910 1037 2946 enim
1063 2911 1249 2955 ‘praeter’
1278 2912 1421 2948 contra
1448 2911 1662 2956 significat.
1694 2913 1715 2947 2
1744 2921 1958 2948 morsum
1984 2910 2120 2948 minus

625 2962 792 3008 potenti.
822 2964 844 2999 3
872 2963 946 3000 Vel
973 2965 1081 3000 certe
1107 2965 1225 3001 debili
1252 2967 1292 3002 et
1317 2965 1484 3002 devicto.
1514 2966 1537 3000 4
1566 2975 1707 3001 ctvnm
1732 2976 1774 3002 M.
1800 2975 1932 3008 ATQUE
1954 2975 1989 3002 1..
2013 2975 2062 3002 ET
2086 2975 2119 3004 S.

624 3027 713 3053 vot.
741 3027 776 3053 P.
805 3017 882 3054 tria
909 3019 1143 3063 contempta
1169 3020 1288 3056 sunt:
1318 3029 1407 3055 mos
1431 3018 1498 3055 lex
1524 3019 1738 3065 imperium
1764 3019 1908 3065 patris.
