2242 3443
9 3203 22 3443 ’Qumv—v——s
14 3173 17 3185 —
14 3140 17 3150 <

120 925 197 960 590

122 1221 194 1257 591

123 1449 198 1485 592

122 1904 197 1939 593

122 2666 196 2702 595

971 150 1047 187 181

441 272 462 305 2
489 281 618 312 Areua
647 281 687 305 IN
719 281 756 305 A.
788 282 824 306 T.
854 271 915 306 hic
940 273 1106 316 apparet
1131 272 1346 316 separatim
1376 272 1531 316 Jovom,
1560 273 1774 315 separatim
1802 273 1885 307 auri

388 325 511 360 fuisse
542 326 755 369 picturam.

328 400 345 434 1
388 407 564 434 VENISSE
597 407 860 435 CLANCULUM
894 407 974 434 PER
1006 408 1255 434 IMPLUVIUM
1290 397 1396 434 haec
1429 397 1574 434 omnia
1607 407 1692 434 non
1728 399 1773 434 ut
1807 397 1884 434 dif-

269 470 398 510 ficilia
430 472 546 510 factu
580 474 654 510 sed
691 475 735 510 ut
768 472 952 510 humilia
987 479 1029 510 et
1060 474 1163 511 Iove
1195 472 1372 519 indigna
1399 472 1697 520 proferuntur,
1727 474 1772 509 ut
1800 483 1884 511 me

268 547 352 585 rito
396 549 603 595 sequatur
647 549 738 596 ‘ego
781 548 1016 586 homuncio
1055 548 1134 585 hoc
1167 558 1253 586 non
1286 548 1521 585 faoe1·em?’
1556 548 1666 595 quod
1701 558 1786 586 non
1819 558 1878 586 so—

270 623 361 661 lum
406 633 490 661 non
533 624 645 672 Iovi,
691 624 766 662 sed
810 634 862 662 ne
900 624 1066 662 homini
1099 624 1272 671 quidem
1302 624 1386 661 nisi
1418 623 1502 662 furi
1536 626 1685 672 aptum
1720 627 1824 662 erat.
1859 625 1882 661 2

269 709 416 737 FUCUM
458 710 632 738 FACTUM
669 700 710 738 id
750 701 806 738 ut
839 702 925 738 est
958 700 1144 738 fucum
1182 699 1417 738 faceret.
1452 694 1508 746 (α)
1542 700 1565 737 3
1601 710 1746 738 FUCUM
1780 700 1880 738 offu-

272 775 407 823 ciam,
442 775 652 814 fraudem.
686 776 711 814 4
746 775 799 814 Et
828 786 1012 814 Mummii
1044 786 1120 824 pro
1149 775 1354 814 feminae.

441 849 464 883 2
495 860 516 884 0,
545 850 618 886 hoc
647 851 709 885 est
738 850 903 885 insidias
934 851 972 885 et
1002 849 1198 884 fraudem.

325 921 343 958 1
389 931 461 964 our
504 932 677 960 TEMPLA
720 932 845 960 CAELI
889 932 1041 959 SUMMA
1084 931 1238 960 semro
1282 930 1490 959 CONCUTIT
1535 920 1586 958 ab
1621 921 1881 959 auctoritato

268 1006 499 1046 personae,
545 999 592 1035 ut
631 996 680 1035 fit
721 998 764 1035 in
807 997 1043 1045 exemplis;
1085 997 1108 1035 2
1143 1007 1176 1035 s.
1212 1007 1246 1035 o.
1279 996 1457 1045 parodia
1489 996 1540 1034 de
1572 996 1707 1035 Ennio
1741 996 1880 1039 (Ribb.

271 1074 380 1120 trag.
415 1072 465 1111 fr.
501 1074 615 1112 372).
754 1071 770 1088 ’

441 1147 462 1182 3
493 1158 649 1182 TEMPLA
679 1158 710 1183 c.
741 1159 772 1183 s.
803 1148 972 1193 tragice,
1002 1149 1072 1184 sed
1102 1148 1149 1183 de
1178 1147 1393 1192 industria,
1424 1156 1502 1183 non
1533 1156 1679 1183 errore.

322 1228 403 1257 neo
446 1229 671 1258 HOMUNcro
714 1230 798 1258 Hoc
836 1229 923 1258 NON
955 1230 1155 1258 FACEREM
1187 1219 1377 1257 oratorie
1440 1220 1486 1256 ut
1519 1218 1670 1257 Iovem
1704 1218 1880 1265 extulit,

270 1294 332 1332 ita
374 1295 565 1333 detraxit
608 1296 711 1334 sibi:
756 1295 828 1334 ille
861 1298 928 1334 est
961 1296 1067 1334 deus
1100 1298 1143 1334 et
1175 1305 1382 1344 magnus,
1418 1304 1496 1342 ego
1528 1304 1613 1332 non
1647 1294 1776 1333 homo
1809 1294 1884 1333 sed

270 1371 578 1410 homuncio.

327 1448 345 1484 1
375 1457 468 1485 DUM
499 1458 613 1486 HAEC
641 1458 790 1486 MECUM
819 1459 984 1486 REPUTO
1012 1457 1280 1486 Accensr'rnn
1306 1457 1519 1485 LAvA‘rUM
1547 1456 1734 1484 INTEREA
1755 1456 1880 1484 vineo

269 1522 463 1560 servavit
494 1523 689 1562 ordinem
723 1525 999 1573 nuptiarum;
1035 1526 1078 1562 et
1109 1523 1278 1572 proprio
1306 1522 1437 1562 verbo
1465 1523 1591 1570 quasi
1616 1522 1667 1560 de
1694 1523 1886 1570 nuptura

269 1598 381 1635 dixit
423 1598 704 1648 ‘accersitur’‚
738 1601 786 1638 ut
818 1599 921 1638 alibi
956 1599 1101 1647 ‘quam
1135 1609 1240 1638 mox
1272 1599 1486 1647 virginem
1521 1599 1756 1637 accersant’
1791 1598 1882 1638 (Ad.

269 1673 383 1721 889),
413 1682 516 1712 nam
544 1673 664 1712 illam
693 1677 759 1713 est
787 1674 1016 1713 habiturus
1043 1685 1240 1713 uxorem.
1262 1675 1285 1712 2
1305 1685 1398 1712 DUM
1415 1685 1530 1712 HAEC
1547 1685 1696 1712 MECUM
1715 1684 1880 1712 REPUTO

267 1748 337 1787 hio
377 1750 568 1788 ostendit
609 1760 694 1789 non
737 1751 820 1789 sibi
862 1752 969 1790 haec
1011 1752 1201 1800 primum
1235 1752 1425 1790 nuncin
1460 1754 1652 1790 mentem
1686 1751 1879 1800 venisse,

268 1825 343 1862 sed
382 1827 488 1865 tunc
530 1827 663 1865 etiam
706 1828 914 1877 cogitata,
958 1839 1056 1867 cum
1089 1830 1210 1867 esset
1241 1829 1283 1866 in
1316 1828 1561 1866 meretricis
1592 1828 1734 1866 domo.

327 1902 346 1939 1
396 1912 437 1939 rr
482 1912 613 1940 LAvrr
656 1914 801 1942 Rnnnr
843 1904 1048 1957 συντομίςι,
1092 1914 1177 1951 qua
1219 1903 1350 1952 solet,
1393 1905 1440 1942 ut
1483 1903 1634 1952 ‘imus,
1681 1903 1882 1942 venimus

268 1975 606 2026 <videmus>'
642 1976 835 2026 (Phorm.
873 1981 983 2021 102).
1019 1981 1042 2017 2
1082 1990 1242 2018 DEINDE
1275 1990 1365 2017 EAM
1398 1989 1444 2017 IN
1476 1989 1645 2017 LECTUM
1678 1989 1880 2017 COLLOCA·

269 2062 385 2090 RUNT
429 2054 525 2092 vide
568 2065 621 2092 an
664 2054 825 2102 aliquid
858 2055 972 2094 desit
1004 2066 1029 2093 a
1060 2055 1272 2104 legitimis
1305 2056 1491 2103 nuptiis3
1525 2065 1627 2093 nam
1663 2056 1705 2092 et
1737 2055 1878 2102 ipsum

267 2128 450 2168 verbum
485 2129 778 2170 ‘collocarunt’
827 2132 1047 2180 proprium
1082 2134 1149 2170 est
1182 2133 1225 2170 et
1257 2130 1487 2170 ascribitur
1517 2130 1738 2179 pronubis.

326 2206 345 2243 1
389 2215 464 2244 sro
506 2217 782 2246 EXSPECTANS
814 2218 852 2245 si
885 2217 987 2252 Quin
1020 2218 1121 2245 M1H1
1154 2217 1371 2246 IMPERENT
1404 2205 1608 2257 ἐναργείας
1642 2217 1728 2245 non
1761 2207 1876 2245 enim

266 2280 377 2321 dixit
434 2278 650 2322 “stabam'.
709 2284 733 2321 2
782 2293 1060 2321 EXSPECTANS
1107 2284 1375 2322 desiderans
1425 2283 1449 2321 3
1497 2283 1550 2321 Et
1596 2282 1705 2320 mire
1752 2292 1879 2320 omne

267 2357 442 2404 tempus
469 2360 706 2397 exsecutus
734 2361 802 2397 est
828 2359 952 2397 salva
979 2359 1186 2407 veritate,
1217 2360 1259 2397 in
1288 2369 1373 2406 qua
1399 2358 1617 2406 Vergilius
1643 2357 1877 2405 neglegens

263 2431 503 2482 invenitur,
539 2444 638 2472 curn
671 2436 769 2483 post
801 2435 995 2474 occisum
1029 2435 1291 2473 Mezentium
1325 2445 1410 2473 non
1443 2420 1560 2472 facta
1586 2433 1728 2471 noctis
1760 2443 1878 2470 men-

260 2508 376 2547 tione
420 2510 572 2548 statim
614 2511 762 2549 intulit
805 2509 1042 2550 ‘Oceanum
1079 2511 1245 2549 interea
1276 2520 1462 2558 surgens
1494 2511 1662 2548 Aurora
1692 2503 1876 2554 reliquit’

269 2586 390 2626 (Aen.
428 2588 494 2626 11.
532 2588 582 2627 1).

325 2665 344 2702 1
390 2674 498 2702 CAPE
529 2673 614 2701 Hoc
644 2674 905 2702 FLABELLUM
945 2674 1182 2702 VENTULUM
1218 2661 1440 2710 praeclare
1472 2671 1558 2700 non
1591 2669 1768 2698 sensum
1801 2659 1875 2697 sed

266 2739 399 2778 verba
429 2740 524 2787 ipsa
556 2749 630 2787 per
662 2738 827 2788 μίμησιν
859 2739 1052 2788 induxit,
1086 2749 1162 2788 per
1194 2748 1325 2786 quam
1358 2746 1478 2775 error
1504 2735 1711 2784 puellaris
1738 2735 1874 2783 expri-

267 2815 414 2853 mitur.
454 2815 478 2852 2
510 2825 747 2853 VENTULUM
779 2825 884 2853 Huic
917 2825 981 2853 sic
1013 2825 1166 2853 FAorro
1198 2824 1292 2852 DUM
1324 2822 1539 2851 LAVAMUR
1570 2810 1875 2849 demonstrati·

267 2900 372 2929 vum
404 2891 448 2928 et
475 2891 601 2937 gestu
635 2890 957 2938 explicandum.

437 2964 458 2999 3
499 2973 597 2998 CAPE:
634 2974 710 2999 Hoc
748 2974 985 2999 FLABELLUM
1022 2973 1143 3007 quam
1180 2962 1468 3007 particulatim,
1497 2971 1573 3004 qua
1602 2959 1806 3003 diligentia
1835 2961 1874 2995 et

386 3019 574 3058 δεικτικῶς
601 3019 712 3054 iubet
741 3019 856 3061 quasi
884 3018 1040 3054 novicio
1069 3019 1109 3054 et
1137 3017 1344 3061 imperito!
