2242 3443
1117 213 1200 251 346

281 340 459 374 insolens
486 340 531 374 A.
561 338 650 374 907.

282 402 477 444 instigare
508 400 576 435 Ph.
611 400 696 438 186.

282 462 464 498 insulsus
495 462 536 497 E.
570 461 679 497 1079.

282 526 436 567 integer
467 524 511 558 A.
543 522 605 559 72.
637 523 678 558 E.
709 522 795 558 473.

283 588 435 620 interea
464 586 509 620 A.
541 584 602 621 69.
634 584 721 621 363.

282 647 546 690 interrogatio
576 646 824 690 percontatio
854 647 897 681 A.
925 643 1011 679 800.

278 709 547 743 interturbare
580 710 624 743 A.
655 706 742 743 663.

279 770 526 805 intervenire
558 770 630 805 Ad.
656 768 744 805 406.

280 832 427 867 intristi
455 832 540 875 hoo,
572 832 713 867 intrita
745 831 810 865 Pli.
843 828 930 865 318.

283 895 528 929 invenustus
557 896 603 928 A.
635 893 721 928 245.

283 956 460 991 invenire
490 955 662 999 incipere
695 953 880 998 perficere
907 952 948 987 Ε.
981 950 1092 987 1035.

284 1019 340 1053 ira
372 1017 526 1053 *cundia
555 1018 627 1053 Ad.
657 1015 745 1052 755.
776 1014 864 1051 794.
894 1013 961 1048 Ph.
996 1011 1081 1048 189.

285 1081 339 1114 ire
369 1080 410 1115 Ε.
441 1079 528 1116 305.
563 1080 633 1114 Ad.
664 1077 751 1114 361.

285 1141 440 1177 irritare
471 1141 541 1176 Ad.
575 1139 663 1176 382.

285 1204 437 1239 irruere
481 1203 520 1237 E.
555 1201 642 1238 788.
670 1210 712 1237 se
743 1201 816 1235 Ad.
848 1197 937 1235 550.
966 1196 1013 1233 cf.
1043 1195 1132 1232 319.

286 1265 362 1300 iste
378 1265 423 1299 A.
444 1263 503 1300 15.
521 1263 610 1300 510.
624 1263 665 1299 E.
681 1261 766 1298 192.
785 1258 956 1296 Ad.755.
969 1257 1047 1296 835
1059 1260 1132 1293 etc.

285 1328 420 1362 iubere
450 1327 646 1370 imperare
678 1324 776 1359 velle
802 1325 848 1358 A.
875 1320 962 1358 533.
983 1321 1022 1357 Ε.
1044 1318 1132 1356 389.

341 1389 413 1423 Ad.
444 1387 532 1424 460.

290 1450 390 1485 Iuno
418 1449 567 1485 Lucina
597 1450 642 1483 A.
673 1446 761 1483 473.
789 1448 859 1482 Ad.
889 1445 979 1481 487.

291 1512 502 1546 iurandum
529 1512 803 1546 iuramentum
836 1510 882 1543 A.
911 1506 1000 1543 728.

291 1575 353 1608 ius
383 1573 565 1617 aequitas
597 1573 667 1609 Ad.
700 1570 761 1607 51.
791 1571 837 1608 ef.
870 1572 912 1604 A.
943 1568 1005 1605 36.

686 1654 735 1693 1..

293 1738 400 1773 labra
428 1737 530 1772 labia
560 1737 599 1771 E.
630 1736 718 1773 336.

292 1800 438 1835 lactare
468 1799 667 1834 oblectare
694 1800 740 1833 A.
770 1797 859 1834 648.
889 1795 976 1832 912.

291 1861 382 1896 lanii
413 1861 582 1896 lanistae
613 1860 653 1895 E.
685 1858 774 1895 357.

292 1923 393 1968 lapis
422 1931 568 1958 saxum
599 1921 648 1957 H.
677 1920 765 1957 214.

294 1984 421 2020 lectus
446 1983 630 2028 (pecunia
660 1982 774 2024 lecta)
804 1981 872 2016 Ph.
904 1979 966 2017 53.

293 2046 378 2090 lege
405 2045 514 2090 agito
542 2045 613 2080 Ph.
644 2044 731 2080 984.

294 2108 419 2151 lepus,
459 2107 766 2152 pulpamentum
793 2103 951 2148 quaeris
982 2104 1022 2138 E.
1054 2102 1142 2139 126.

295 2170 512 2205 liberalitas
542 2168 653 2203 liberi
682 2168 754 2203 Ad.
785 2167 847 2202 57.
879 2166 925 2201 cf.
948 2165 1142 2201 464.664.

296 2231 406 2266 liberi
435 2232 495 2272 (de
527 2234 620 2271 uno)
653 2230 698 2263 A.
727 2220 817 2265 891.
853 2227 901 2262 H.
933 2226 1021 2262 214.

297 2293 412 2327 libido
442 2292 491 2327 H.
521 2292 610 2327 245.
643 2291 712 2325 Ph.
742 2289 830 2325 716.

297 2355 383 2390 licia
411 2354 503 2398 ligia
532 2356 576 2389 A.
607 2351 696 2388 912.

297 2416 418 2460 ligare
449 2414 497 2450 al·
526 2415 598 2450 Ad.
627 2415 716 2451 844.

298 2478 404 2513 limis
437 2477 557 2513 limus
587 2476 707 2512 limen
738 2475 781 2511 E.
812 2474 901 2510 601.

299 2539 428 2574 lineae
460 2538 609 2573 amoris
637 2537 664 2572 E
707 2536 795 2573 367.
827 2536 915 2572 640.

299 2601 411 2636 locus
436 2599 520 2635 loco
550 2601 686 2634 motus
715 2598 782 2633 Ph.
813 2597 877 2634 32.

300 2662 417 2705 longe
449 2661 521 2696 Ad.
552 2660 613 2695 65.

302 2723 377 2758 luoi
407 2731 497 2758 cum
528 2722 656 2766 primo
688 2722 709 2755 l.
741 2722 812 2756 Ad.
843 2721 933 2756 841.

302 2784 437 2820 ludere
479 2783 617 2818 luduin
660 2784 750 2817 sim.
797 2784 835 2817 Ε.
865 2782 953 2818 586.
986 2781 1055 2815 Ph.
1089 2780 1148 2816 18.

303 2846 421 2890 lupus
444 2845 481 2879 in
513 2844 644 2880 fabula
673 2844 745 2879 Ad.
776 2844 864 2879 537.

707 2927 762 2967 M.

307 3003 423 3036 mage
452 2993 523 3028 Ad.
553 2992 640 3028 264.

309 3055 410 3090 male
441 3055 480 3089 E.
497 3054 571 3090 669
590 3063 640 3089 m.
659 3054 791 3089 odisse
808 3055 851 3089 A.
869 3053 958 3089 520.
977 3053 1048 3087 Ad.
1065 3050 1153 3086 523.

308 3116 506 3161 mancipia
536 3116 608 3150 Ad.
641 3114 728 3152 182.

1198 333 1427 377 manipulus
1458 333 1498 368 E.
1526 334 1614 370 776.

1197 405 1342 430 manus
1374 395 1411 429 in
1445 405 1609 430 manuni
1641 397 1758 430 riatur
1791 396 1856 432 Ph.
1887 396 1976 435 633.

1197 457 1361 493 memini
1383 466 1473 492 cum
1490 458 1556 491 int.
1576 466 1704 501 praes.
1723 459 1768 492 A.
1785 457 1874 496 429.
1895 457 1961 493 Ph.
1980 458 2042 494 74.

1198 528 1351 554 memor
1381 520 1523 562 gratus
1553 519 1625 554 Ad.
1656 518 1744 554 251.

1195 589 1416 615 memorem
1474 581 1706 615 mendaeem
1751 590 1842 616 esse
1886 582 2046 625 oportet

1250 642 1296 677 A.
1327 641 1416 677 778.

1198 703 1392 738 memoria
1431 703 1469 738 in
1502 712 1554 738 m.
1586 703 1744 745 habere,
1775 704 1876 739 scire
1906 705 1952 738 A.
1982 703 2044 740 40.

1198 773 1314 800 mens
1342 764 1382 799 in
1414 765 1593 799 mentem
1624 765 1735 800 venit
1769 765 1836 800 Pli.
1870 763 1957 802 154.

1199 835 1310 862 mera
1335 825 1423 862 sola
1456 826 1524 861 Ph.
1559 826 1644 863 146.

1200 889 1404 924 mercatus
1435 889 1506 923 Ad.
1535 888 1624 925 231.

1201 949 1344 986 mereri
1381 959 1484 986 com·
1526 961 1608 995 pro·
1649 951 1695 985 A.
1735 949 1826 986 331.
1857 950 1929 985 Ad.
1961 948 2049 986 201.

1254 1011 1302 1047 H.
1335 1011 1424 1048 387.

1202 1081 1341 1117 mergo
1370 1082 1532 1117 mergor
1559 1077 1632 1109 etc.
1664 1073 1737 1109 Ad.
1761 1072 1850 1110 302.

1205 1134 1392 1170 meridies
1418 1136 1490 1170 Ad.
1521 1135 1610 1171 848.

1205 1199 1388 1232 metuere
1444 1198 1586 1232 timere
1628 1196 1697 1232 Ph.
1745 1195 1830 1233 119.
1876 1196 1960 1234 188.
2005 1196 2053 1231 ab

1258 1260 1304 1293 A.
1339 1258 1424 1294 106.

1206 1320 1341 1355 mirari
1370 1322 1416 1355 A.
1446 1319 1535 1356 374.
1567 1319 1615 1355 H.
1647 1319 1736 1356 661.

1207 1382 1353 1417 mirum
1390 1382 1429 1416 ni
1459 1382 1506 1417 A.
1535 1381 1625 1418 598.

1206 1444 1418 1478 modestus
1449 1445 1649 1478 venustus
1678 1444 1725 1478 A.
1759 1441 1846 1480 120.

1208 1514 1396 1541 morosus
1424 1513 1559 1541 mores
1588 1515 1641 1540 m.
1669 1504 1719 1540 H.
1748 1505 1837 1541 478.
1868 1505 1956 1541 578.

1208 1566 1399 1602 mulciber
1428 1566 1639 1602 mulotiber
1663 1567 1710 1601 A.
1740 1566 1803 1603 90.
1833 1566 1882 1602 H.
1913 1566 1975 1602 65.

1208 1627 1429 1664 mussitare
1458 1628 1606 1664 mutire
1636 1629 1682 1663 A.
1712 1628 1801 1665 505.
1833 1629 1905 1663 Ad.
1937 1627 2026 1664 207.

1209 1689 1468 1726 mustellinus
1499 1689 1592 1726 -ella
1621 1690 1663 1725 Ε.
1693 1690 1780 1726 689.

1210 1753 1379 1788 mutilus
1427 1751 1617 1788 mulciber
1648 1752 1696 1788 H.
1728 1752 1790 1790 65.
1820 1752 1865 1787 cf.
1897 1752 1969 1786 Ad.
1994 1751 2057 1788 90.

1212 1817 1400 1851 mutuum
1432 1814 1637 1859 proprium
1668 1816 1713 1849 A.
1745 1814 1834 1850 716.

1611 1913 1661 1953 N.

1213 1994 1389 2031 nancisci
1412 1994 1462 2030 H.
1493 1994 1582 2032 681.

1214 2066 1334 2093 nares
1363 2066 1385 2092 a
1409 2056 1585 2093 naritate
1614 2058 1685 2093 Ad.
1716 2056 1804 2093 397.

1214 2118 1360 2154 natalis
1393 2118 1463 2154 Ph.
1492 2119 1555 2156 48.

1215 2181 1372 2216 naviter
1399 2190 1423 2216 a
1451 2190 1553 2217 nave
1583 2181 1623 2216 Ε.
1653 2179 1716 2216 51.

1215 2252 1266 2278 ne
1296 2252 1368 2287 pro
1398 2252 1479 2278 non
1510 2242 1556 2278 A.
1586 2242 1663 2279 335
1692 2243 1767 2277 eto.

1216 2314 1266 2339 ne
1309 2304 1423 2339 valde
1465 2306 1511 2339 A.
1549 2303 1639 2340 324.
1686 2304 1724 2339 E.
1755 2302 1844 2339 855.
1875 2302 1947 2337 Ad.
1972 2300 2063 2336 441.

1269 2366 1359 2402 540.
1389 2366 1480 2403 834.

1217 2426 1362 2463 nebulo
1392 2427 1434 2463 E.
1465 2427 1554 2466 269.

1216 2489 1427 2533 negotium
1456 2490 1503 2524 A.
1538 2489 1573 2525 2.

1217 2559 1335 2586 nemo
1351 2560 1401 2586 ne
1416 2550 1539 2587 bomo
1555 2552 1600 2586 A.
1617 2550 1706 2588 506.
1726 2550 1766 2585 Ε.
1783 2549 1871 2585 549.
1888 2550 1961 2584 Ad.
1974 2548 2063 2584 259.

1218 2612 1398 2656 nequitia
1426 2612 1525 2648 nihil
1553 2615 1675 2656 queat
1703 2612 1775 2647 Ad.
1805 2610 1895 2647 358.

1220 2674 1317 2710 nihil
1356 2683 1428 2719 pro
1457 2684 1538 2710 non
1572 2675 1615 2710 Ε.
1646 2674 1734 2710 273.
1765 2676 1838 2709 Au.
1875 2672 1961 2709 167.
1991 2674 2064 2706 etc.

1219 2737 1411 2772 nimirum
1438 2737 1479 2772 E.
1509 2736 1598 2772 508.
1918 2730 1922 2735 ⁴

1220 2800 1368 2834 nodum
1398 2798 1439 2834 in
1467 2798 1598 2843 scirpo
1628 2807 1664 2841 q.
1694 2798 1740 2833 A.
1770 2796 1859 2833 941.

1221 2861 1341 2896 noxia
1368 2860 1418 2896 H.
1448 2860 1538 2896 310.
1569 2859 1638 2894 Pb.
1668 2858 1759 2895 225.

1176 2939 1179 2945 ·
1222 2924 1376 2959 nubere
1404 2923 1455 2958 H.
1484 2922 1574 2958 656.

1222 2984 1358 3020 nullus
1388 2993 1458 3029 pro
1489 2993 1569 3019 non
1599 2984 1646 3019 A.
1676 2983 1764 3019 370.
1794 2981 1844 3017 H.
1874 2981 1935 3017 79.

1385 3056 1476 3082 sum
1506 3046 1553 3081 A.
1583 3045 1671 3082 599.
1703 3044 1793 3081 608.

1225 3110 1322 3147 nulli
1351 3107 1496 3145 consili
1522 3107 1564 3144 E.
1593 3106 1681 3143 216.
